2264 4042
524 256 639 315 LIBER
656 257 691 313 V.

111 421 201 487 Hanc
216 421 315 485 habeo
329 420 451 497 sedem3
473 438 562 502 quam
577 431 619 493 tu,
634 414 795 489 mitissima,
810 431 906 475 serva.

109 529 194 593 Mota
205 529 273 594 loco
287 547 341 589 cur
355 525 420 602 sim,
433 524 563 606 tantique
578 542 633 605 per
648 520 770 603 equoris
784 518 879 581 undas
1019 515 1080 575 335

108 634 252 698 Advehar
267 632 431 715 Ortygiam,
446 629 544 691 veniet
558 625 719 690 narratibus
732 626 806 687 hora

106 738 302 823 Tempestiva
315 737 390 799 meis
402 759 412 815 3
434 735 504 798 cum
519 747 550 795 tu
565 731 701 814 curisque
716 730 822 806 levata,

107 844 151 907 Et
163 843 260 907 vultrls
274 843 402 906 melioris
418 840 485 904 eris.
530 838 605 901 Mihi
619 836 721 920 pervia
734 834 820 897 tellus

109 947 231 1012 Praebet
244 948 319 1011 iter:
342 947 500 1028 subterque
515 945 590 1007 imas
606 942 701 1005 ablate
715 960 858 1003 cavernas

107 1052 170 1117 Hic
185 1066 276 1136 caput
290 1051 398 1127 attollo,
415 1051 594 1134 desuetaque
610 1048 706 1111 sidera
720 1066 821 1109 cerno.

105 1156 201 1242 Ergo,
217 1158 289 1220 dum
306 1156 411 1240 Stygio
424 1156 477 1218 sub
492 1155 575 1218 terris
590 1153 702 1239 gurgite
717 1150 810 1228 labor,

106 1261 180 1327 Visa
193 1276 244 1325 tua
255 1276 300 1325 est
313 1262 406 1324 oculis
420 1259 478 1323 illic
492 1259 672 1342 Proserpina
685 1257 800 1321 nostris.

105 1366 162 1431 Illa
176 1367 297 1451 quidem
310 1367 406 1443 tristis,
420 1386 478 1428 nec
493 1366 590 1428 adhuc
605 1364 732 1427 interrita
746 1363 826 1425 vultu
839 1385 848 1441 3

105 1471 170 1535 Sed
184 1473 286 1555 regina
301 1486 411 1548 tamen,
426 1472 481 1534 sed
493 1471 580 1554 opaci
595 1469 727 1532 maxima
737 1465 862 1543 mundi;

78 1558 108 1661 f
105 1576 170 1640 Sed
184 1590 285 1640 tamen
299 1575 403 1639 inferni
418 1575 532 1659 pollens
542 1587 676 1635 matrona
690 1571 825 1654 tyranni!

149 1680 249 1746 Mater
265 1682 303 1744 ad
319 1680 432 1744 auditas
447 1679 564 1764 stupuit,
579 1700 636 1741 ceu
651 1698 752 1754 saxea,
767 1695 878 1740 voces:

102 1786 301 1869 Attonitoque
316 1787 366 1848 diu
381 1786 481 1849 similis
495 1784 569 1847 fuit:
590 1797 680 1868 utque
696 1784 798 1846 dolore

101 1888 198 1955 Pulsa
211 1891 292 1974 gravi
307 1891 401 1974 gravis
415 1903 460 1954 est
475 1890 620 1969 amentia3
643 1888 775 1955 curribus
789 1909 875 1952 auras

72 2062 75 2067 ,
102 1992 179 2059 Exit
192 1996 222 2058 in
237 1996 389 2060 oetherias:
410 1996 450 2059 ibi
464 2009 525 2060 toto
539 1995 638 2059 nubila
645 1997 728 2059 vultu

101 2100 182 2165 Ante
197 2099 305 2164 Jovem
318 2103 411 2186 passis
425 2103 502 2166 stetit
515 2102 656 2165 invidiosa
671 2103 792 2186 capillis.
1012 2102 1074 2163 350

103 2204 248 2290 ‘Proque
262 2226 331 2269 meo
345 2207 432 2269 venio
447 2207 572 2290 supplex
586 2207 648 2282 tibi,
662 2206 798 2289 Jupiter?
812 2207 914 2287 inquit,

103 2314 113 2345 ‘
126 2308 286 2393 Sanguine,
301 2330 413 2395 proque
428 2323 489 2372 tuo.
535 2311 568 2371 Si
582 2308 661 2371 nulla
676 2323 721 2370 est
734 2309 827 2391 gratia
840 2307 961 2387 matris3

100 2410 183 2477 Nata
196 2428 311 2498 patrem
325 2426 463 2490 moveat3
484 2433 543 2474 neu
555 2412 591 2474 sit
604 2412 655 2474 tibi
670 2434 751 2489 cura,
766 2433 934 2497 precamur,

99 2514 194 2581 Vilior
208 2519 293 2594 illius,
309 2517 390 2602 qudd
403 2531 502 2581 nostro
517 2530 562 2582 cst
575 2518 654 2582 edita
668 2534 762 2603 partu.

100 2620 151 2687 En
167 2625 286 2708 quesita
301 2625 351 2686 diu
365 2625 486 2688 tandem
496 2624 571 2689 mihi
584 2638 653 2688 nata
667 2641 785 2710 reperta
799 2641 865 2690 est:
1009 2628 1070 2688 355

103 2727 137 2791 si
152 2729 281 2813 reperire
296 2750 397 2804 vocas,
413 2732 544 2793 amittere
560 2731 689 2810 certids3
713 2747 763 2794 aut
777 2734 801 2794 si

102 2832 189 2897 Scire
201 2834 251 2897 ubi
266 2834 310 2909 sit,
325 2834 454 2918 reperire
468 2856 568 2898 vocas.
613 2835 706 2910 Quod
720 2850 813 2920 rapta,
829 2835 979 2916 feremus3

99 2937 277 3002 Dummodo
291 2940 396 3003 reddat
411 2961 477 3003 earn
493 2963 501 3002 τ
525 2946 716 3025 nequeenim
731 2943 868 3024 predone
883 2943 987 3004 marito
1057 3000 1064 3009 .

100 3041 177 3109 Filia
193 3045 280 3128 digna
294 3059 344 3109 tua
359 3059 424 3123 est3
448 3046 471 3106 si
481 3045 545 3130 jam
559 3068 627 3109 mea
642 3047 701 3108 filia
718 3046 806 3128 digna
820 3045 886 3107 est’
968 3074 976 3089 ·

99 3146 216 3235 Jupiter
230 3152 371 3235 excepit:
395 3149 585 3213 ‘Commune
601 3165 646 3214 est
659 3152 764 3235 pignus
778 3171 910 3234 onusque
1008 3154 1071 3215 360

98 3253 133 3321 N
134 3270 183 3319 ata
196 3256 268 3318 mihi
281 3269 380 3319 tecum
395 3277 402 3317 :
425 3257 489 3333 sed,
505 3257 529 3319 si
544 3256 634 3319 modo
648 3257 766 3321 nomina
781 3257 868 3320 rebus

99 3360 225 3425 Addere
239 3383 311 3425 vera
324 3362 431 3446 placet,
446 3384 504 3425 non
519 3363 576 3426 hoc
591 3361 693 3448 injuria
708 3361 827 3439 sacurm,

75 3498 88 3513 ·
98 3462 216 3529 Verum
231 3487 314 3531 arnor
329 3480 393 3532 est:
415 3490 512 3552 neque
527 3468 583 3532 erit
595 3469 678 3532 nobis
693 3490 784 3553 gener
797 3469 846 3531 ille
860 3469 976 3553 pudori,

99 3566 152 3633 Tu
165 3570 267 3647 modd,
283 3572 360 3648 diva,
375 3573 455 3636 velis.
501 3573 545 3636 Ut
559 3573 653 3659 desint
667 3588 791 3654 cetera3
814 3588 955 3658 quantum
969 3588 1015 3637 est

65 3674 73 3697 ³
100 3672 178 3743 Esse
192 3674 276 3742 Jovis
290 3675 430 3742 fratrem!
455 3680 524 3764 quid
540 3679 620 3764 qudd
633 3702 690 3745 nec
705 3695 812 3744 cetera
828 3680 943 3754 desunt,
1009 3677 1069 3738 365
