2264 4042
125 224 187 297 leb
521 230 685 290 rursum.

122 386 285 452 Successor
299 388 351 452 fuit
365 391 413 454 hic
426 390 487 467 tibi,
503 389 611 469 Galle3
632 389 803 473 Propertius
824 392 873 454 illi.

163 490 295 566 Quartus
309 497 346 558 ab
360 496 405 558 his
419 496 493 559 serie
508 497 648 580 temporis
663 497 724 580 ipse
739 496 789 559 fui.

119 594 221 681 thue
237 621 293 682 ego
307 599 442 686 majores
459 603 564 665 sicine
580 602 699 666 coluere
713 604 860 666 minores:
1050 609 1085 666 55

163 704 301 789 Notaque
315 728 373 768 non
387 707 470 769 tarde
486 705 564 771 sacta
578 706 685 771 Thalia
700 729 767 771 mea
782 723 835 772 est.

121 807 261 873 Carmina
275 811 344 873 edm
360 811 487 895 primum
501 814 610 896 populo
620 814 760 898 juvenilia
774 815 853 896 legi;

161 913 262 979 Barba
275 933 391 981 resecta
406 919 475 981 mihi
490 920 570 982 bisve
586 920 715 982 semelve
731 919 793 982 fuit.

117 1020 256 1087 Moverat
269 1023 426 1105 ingenium,
442 1038 532 1086 totam
547 1039 661 1087 cantata
681 1047 734 1108 per
749 1024 873 1100 Urbem,

162 1129 290 1192 Nomine
306 1150 362 1189 non
378 1149 448 1190 vero
464 1129 542 1191 dicta
557 1128 688 1192 Corinna
704 1130 787 1193 mihi.

120 1233 216 1297 Multa
230 1233 350 1317 quidem
364 1234 487 1319 scripsi:
509 1235 560 1296 sed
578 1255 641 1317 quae
656 1234 758 1297 vitiosa
773 1235 884 1318 putavi,

161 1338 371 1402 Emeuduturis
384 1340 497 1422 ignibus
511 1340 574 1423 ipse
589 1341 669 1402 dedi.

119 1443 201 1508 Tum
218 1466 344 1528 quoque,
358 1443 428 1507 crim
443 1444 586 1527 sugerem,
598 1446 733 1529 quedam
747 1446 889 1528 placitura
903 1447 1043 1521 cremavi,

162 1549 256 1613 Irams
270 1550 366 1613 studio
380 1551 616 1634 carminibusque
631 1551 715 1613 meis.

117 1654 221 1731 Molle,
237 1654 411 1739 Cupidineis
425 1678 481 1719 nec
496 1655 801 1739 inexpugnabile'telis
1042 1660 1079 1718 65

162 1759 225 1822 Cor
240 1761 320 1836 mihi,
336 1761 472 1842 quodque
488 1761 559 1822 levis
581 1783 670 1823 causa
685 1776 826 1838 moveret,
842 1776 915 1824 erat.

118 1862 200 1926 Cdm
213 1879 312 1925 tamen
326 1864 383 1925 hoc
399 1885 505 1938 essem,
522 1865 700 1947 minimoque
716 1867 897 1929 accenderer
920 1868 978 1951 igni
992 1894 1001 1945 ;

160 1969 290 2032 Nomine
306 1969 359 2032 sub
374 1982 472 2031 nostro
486 1967 583 2030 fabule
599 1971 676 2032 nulla
692 1970 755 2032 luit.

116 2074 203 2140 Perre
219 2075 289 2137 mihi
304 2095 396 2159 puero
410 2095 467 2135 nec
483 2073 579 2156 digna,
595 2096 651 2136 nec
667 2075 751 2150 utilis,
774 2098 850 2138 uxor

162 2181 218 2245 Est
233 2181 321 2243 data:
343 2201 406 2263 quae
422 2196 537 2262 tempus
552 2181 695 2262 perbreve
709 2194 799 2262 nuptu
814 2179 877 2242 suit.
1043 2184 1080 2241 70

116 2289 161 2352 llli
176 2287 325 2362 successit,
341 2285 472 2369 quamvis
486 2286 547 2346 sine
562 2285 692 2360 crimine,
708 2285 834 2370 conjux3

161 2395 232 2456 Non
246 2406 345 2454 tamen
359 2392 388 2452 in
402 2404 499 2452 nostro
514 2391 598 2451 firma
612 2389 706 2453 sutura
717 2405 790 2453 toro.

119 2496 240 2572 Ultima,
256 2516 318 2577 quae
334 2515 453 2555 mecum
468 2515 548 2555 seros
562 2496 721 2576 permansit
735 2496 763 2557 in
780 2516 879 2570 annos,

164 2599 305 2664 Sustinuit
318 2598 427 2681 conjux
442 2597 550 2658 exsulis
565 2619 630 2659 esse
645 2600 707 2661 viri.

121 2705 196 2769 Filia
211 2725 260 2765 me
275 2723 342 2764 mea
357 2702 400 2763 bis
414 2700 509 2784 primi
523 2701 661 2765 foecunda
672 2704 805 2787 juventi,
1042 2710 1081 2766 75

165 2808 228 2871 Sed
242 2828 299 2869 uon
313 2827 352 2867 ex
367 2829 425 2869 uno
440 2806 575 2890 conjuge,
591 2806 661 2871 secit
676 2830 774 2871 avum.

121 2912 164 2978 Et
173 2913 235 2999 jam
251 2911 412 2995 complerat
426 2913 538 2995 genitor
553 2935 606 2974 sua
620 2912 699 2992 sata3
721 2919 887 2999 novemque
938 2990 949 3009 κ

164 3019 330 3082 Addiderat
343 3018 438 3081 lustris
453 3018 542 3080 altera
556 3018 644 3079 lustra
658 3041 776 3080 novem.

122 3125 192 3190 Nou
207 3125 288 3187 aliter
302 3123 378 3199 flevi,
395 3124 481 3206 quim
497 3146 545 3185 me
562 3123 679 3188 fleturus
694 3125 863 3209 ademptum

163 3231 215 3292 llle
230 3229 291 3290 fuit.
335 3227 422 3290 Matri
437 3229 571 3311 proxima
580 3229 659 3313 justa
673 3231 734 3291 tuli.

123 3329 243 3397 Felices
258 3334 355 3408 ambo,
369 3333 598 3416 tempestiveque
614 3334 727 3416 sepulti,

164 3441 243 3501 Ante
258 3438 336 3499 diem
352 3459 445 3520 poenae
462 3438 540 3521 qubd
555 3437 668 3519 periere
683 3459 756 3500 meae
771 3441 778 3502 !

121 3545 178 3611 Me
194 3563 310 3629 quoque
325 3540 451 3617 felicem,
468 3541 547 3624 qubd
561 3563 618 3603 non
634 3542 794 3608 viventibus
808 3545 861 3606 illis

153 3652 234 3717 Sum
247 3649 343 3718 miser
350 3672 362 3733 3
387 3663 418 3715 et
433 3648 473 3713 de
488 3668 537 3712 me
555 3645 635 3732 quod
649 3647 773 3711 doluere
784 3650 878 3709 diluit
