2264 4042
538 270 654 328 mnan
671 270 706 327 V.

85 428 146 494 Cui
160 412 280 514 milicie
294 429 382 492 cessit
396 426 512 491 fortuna
526 429 684 493 novissima
694 430 788 512 regni.

82 534 136 597 Tu
151 557 282 618 superos,
297 535 452 618 ipsumque
467 533 585 608 Jovem,
600 547 631 596 tu
645 534 766 597 numina
781 533 862 618 ponti

83 637 173 702 Victa
188 640 301 716 domas,
316 639 482 722 ipsumque,
497 639 572 722 regit
586 638 635 722 qui
649 638 769 701 numina
784 639 876 723 ponti.

85 743 215 807 Tartara
229 746 299 829 quid
313 743 454 807 cessant?
477 765 530 806 cur
544 765 603 806 non
620 744 778 827 matrisque
792 758 935 828 tuumque

85 848 248 935 Imperium
258 848 394 933 profers?
418 849 512 932 agitur
526 871 594 932 pars
608 850 693 912 tertia
706 849 820 911 mundi.
991 851 1056 911 210

86 952 130 1018 Et
141 938 241 1018 tamen
255 955 285 1016 in
300 955 388 1029 coelo,
404 975 467 1037 quae
482 953 546 1038 jam
561 955 699 1038 patientia
712 968 810 1018 nostra
825 968 878 1031 est,

88 1058 282 1143 Spernimur:
305 1081 340 1122 ac
355 1081 474 1126 mecum
488 1060 565 1122 vires
578 1061 747 1124 minuuntur
763 1060 890 1124 Amoris.

85 1163 215 1228 Pallada,
224 1186 320 1228 nonne
331 1165 424 1241 vides,
433 1164 697 1250 joculatricemque
712 1166 852 1242 Dianam,

86 1270 275 1334 Abscessisse
290 1269 383 1333 mihi?
406 1270 527 1335 Cereris
542 1291 661 1355 quoque
674 1271 734 1335 filia
748 1272 840 1356 virgo,

85 1373 118 1437 Si
132 1376 286 1459 patiemur,
302 1376 376 1439 erit:
398 1397 467 1438 nam
481 1398 549 1460 spes
565 1377 683 1441 affectat
696 1377 831 1441 easdem.
991 1379 1054 1438 215

85 1480 127 1543 Αῐ
141 1495 182 1557 tu,
196 1503 250 1565 pro
265 1482 345 1544 socio
359 1482 383 1544 si
398 1502 457 1564 qua
471 1496 517 1544 est
530 1503 599 1543 mea
613 1482 705 1563 gratia
719 1503 821 1564 regno,
868 1464 875 1477 .

85 1583 183 1670 lunge
196 1587 286 1648 deam
300 1585 425 1668 patruo.’
469 1584 555 1648 Dixit
568 1583 682 1648 Venus.
727 1585 779 1648 Ille
790 1588 960 1672 pharetram

86 1690 200 1754 Solvit:
223 1704 254 1753 et
268 1690 384 1753 arbitrio
395 1690 494 1753 matris
510 1689 547 1753 de
558 1690 637 1753 mille
652 1692 761 1776 sagittis

86 1793 188 1858 Unam
203 1795 343 1879 seposuit,
358 1794 412 1858 sed
428 1794 487 1879 quia
505 1817 563 1859 nec
578 1798 689 1861 acutior
704 1799 771 1876 ulla,

83 1901 154 1965 Nec
167 1901 263 1964 minus
277 1901 388 1964 incerta
402 1918 456 1978 est,
470 1924 528 1965 nec
544 1924 607 1986 quae
621 1903 715 1988 magis
731 1905 831 1969 audiat
845 1926 958 1969 arcum.
991 1907 1055 1966 220

83 2006 287 2091 Oppositoque
302 2029 379 2090 genu
394 2009 524 2070 curvavit
538 1997 638 2071 flenile
654 2032 745 2080 comu
760 2033 768 2071 ε

80 2109 175 2195 Inque
190 2132 242 2175 cor
256 2112 374 2175 hamata
386 2113 531 2197 percussit
551 2113 692 2176 arundine
706 2114 822 2176 Ditem.

126 2215 221 2280 Haud
235 2217 337 2301 procul
352 2215 494 2281 Hennaeis
507 2219 589 2280 lacus
604 2231 649 2280 est
664 2239 681 2279 a
695 2218 843 2280 moenibus
858 2218 932 2292 eltae,

82 2321 212 2385 Nomine
228 2321 352 2405 Pergus,
368 2344 461 2405 aquae.
508 2321 579 2382 Non
589 2321 639 2381 illo
653 2321 736 2403 plura
750 2318 896 2404 Caistros

84 2426 226 2491 Carmina
242 2448 405 2511 cygnorum
418 2425 583 2488 labentibus
598 2424 678 2488 audit
692 2426 721 2488 in
732 2426 828 2491 undis.
989 2430 1052 2489 225

85 2532 166 2609 Silva
180 2546 302 2597 coronat
317 2552 418 2614 aquae,
430 2531 551 2614 cingens
566 2531 641 2594 latus
654 2554 743 2596 omne
756 2555 766 2612 ;
788 2532 906 2618 suisque

84 2636 263 2713 Frondibus‚
279 2651 311 2700 ut
324 2637 400 2714 velo,
416 2635 569 2701 Phoebeos
583 2638 738 2702 submovet
751 2639 836 2702 ictus.

73 2732 209 2827 *Frigora
223 2744 294 2806 dant
307 2742 391 2819 rami,
402 2741 512 2826 Tyrios
525 2743 634 2806 humus
648 2744 770 2806 humida
781 2743 880 2807 flores.

13 2884 18 2889 ·
83 2846 267 2934 Perpetuam
281 2870 333 2910 ver
348 2862 402 2910 est.
447 2846 520 2921 Quo
535 2848 606 2910 dum
621 2847 801 2933 Proserpina
814 2850 882 2912 luco

83 2952 186 3031 Ludit,
202 2967 232 3017 et
246 2967 295 3017 aut
307 2953 408 3029 violas,
424 2966 474 3016 aut
488 2953 616 3016 candida
629 2953 688 3015 lilia
702 2954 817 3036 carpit3
988 2959 1052 3018 230

82 3058 226 3144 Dumque
240 3059 361 3143 puellari
377 3057 473 3121 studio
487 3057 676 3138 calathosque
691 3058 845 3141 sinumque

81 3163 200 3248 Irnplet,
216 3177 246 3226 et
259 3164 386 3248 aquales
401 3175 495 3226 certat
508 3182 648 3245 superare
662 3161 810 3246 legend03

81 3266 168 3334 Pen'e
184 3269 270 3333 sinui
284 3270 345 3335 risa
359 3284 414 3346 cst,
428 3268 606 3351 dilectaque,
620 3282 761 3354 raptaque
778 3267 860 3336 Diti:

81 3371 187 3458 Usque
204 3373 280 3436 adeo
294 3390 466 3460 properatur
481 3391 576 3438 amor.
620 3373 691 3439 Dea
704 3377 803 3440 territa
817 3391 925 3442 moesto

80 3478 125 3544 Et
138 3493 273 3558 matrem,
289 3493 320 3542 et
332 3482 465 3558 comites,
481 3481 535 3543 sed
554 3494 679 3543 matrem
696 3483 811 3568 sepius,
826 3505 879 3548 ore
986 3489 1050 3547 235

83 3583 225 3648 Clamat:
247 3598 287 3660 et,
297 3599 330 3649 ut
343 3587 459 3650 summit
472 3600 585 3650 vestem
600 3585 720 3652 lniarat
734 3589 771 3652 ab
785 3589 848 3665 orla,

82 3677 217 3756 Collecti¹
225 3689 313 3755 flores
327 3692 432 3756 tunicis
444 3693 582 3757 cecidere
597 3693 738 3756 remissis.

339 3794 380 3857 δῦ
