2264 4042
455 228 568 285 menn
586 228 649 283 xv.
847 212 850 217 ’
983 230 1043 311 ras

72 385 180 473 Nuper
195 388 338 451 Abanteis
350 387 461 469 templo
474 385 598 448 lunonis
611 385 641 447 in
656 384 756 467 Argis.
815 362 821 379 ⁸
982 383 1043 442 105

72 492 183 555 Omnia
197 506 343 556 mutantur
356 515 363 553 :
377 492 447 554 nihil
460 491 566 553 interit.
611 489 709 564 Errat,
725 501 755 551 et
768 487 847 551 illinc

72 596 143 661 Huc
159 599 248 676 venit,
259 600 326 662 hinc
336 598 415 673 illuc,
431 611 461 660 et
476 596 619 680 quoslibet
631 608 758 678 occupat
771 607 850 657 artus

72 703 218 787 Spiritus:
232 704 309 787 leque
324 703 393 766 feris
407 704 536 765 humana
549 702 578 763 in
593 721 717 791 corpora
726 700 835 774 transit,

69 808 164 892 lnque
179 808 256 872 seras
270 823 390 872 noster:
404 830 461 871 nec
475 821 609 890 tempore
620 806 734 889 deperit
748 805 816 867 ullo.

69 911 171 997 thue
186 915 269 976 novis
284 913 391 996 fragilis
406 913 534 995 signatur
547 934 617 974 cere
632 911 741 995 figuris,
982 914 1043 972 110

69 1016 138 1081 Nec
155 1032 256 1082 manet
270 1033 302 1080 ut
316 1017 420 1093 suerat,
434 1038 491 1079 nec
506 1015 614 1081 formas
629 1031 726 1080 servat
739 1015 882 1095 easdem3

69 1121 133 1185 Sed
148 1138 248 1186 tamen
262 1124 326 1206 ipsa
340 1123 447 1185 eadem
463 1138 524 1186 est:
539 1123 665 1186 animam
680 1122 723 1186 sic
738 1142 856 1206 semper
870 1121 997 1184 eandem

67 1226 158 1304 Esse,
174 1229 228 1291 sed
243 1229 271 1290 in
286 1230 381 1292 varias
395 1228 491 1292 doceo
505 1230 630 1310 migrare
645 1229 764 1310 figuras.

66 1331 162 1416 Ergo,
177 1354 214 1395 ne
225 1333 317 1416 pietas
331 1335 368 1397 sit
380 1334 456 1396 victa
470 1334 608 1416 cupidine
624 1333 740 1408 ventris,

66 1435 187 1499 Parcite
203 1437 370 1521 (vaticinor)
387 1453 526 1520 cognatas
540 1439 623 1500 caede
639 1436 767 1500 nefandi
981 1442 1040 1500 115

66 1540 239 1605 Exturbare
255 1544 387 1604 animas:
409 1564 465 1603 nec
481 1542 621 1623 sanguine
636 1541 753 1623 sanguis
768 1541 870 1603 alatur.

110 1644 152 1708 Et
167 1647 306 1729 quoniam
321 1667 428 1728 magno
444 1645 521 1707 seror
536 1666 663 1728 equore,
679 1645 825 1728 plenaque
840 1647 934 1710 ventis

64 1748 144 1813 Vela
159 1752 248 1830 dedi3
263 1752 332 1813 nihil
347 1764 392 1814 est
405 1764 466 1814 toto
482 1750 561 1833 quod
575 1763 685 1834 perstet
700 1751 728 1813 in
742 1752 825 1814 orbe.

12 1916 23 1925 ,
64 1854 185 1918 Cuncta
200 1855 301 1932 fluunt,
317 1857 470 1938 omnisque
486 1877 595 1938 vagans
609 1854 751 1919 sormatur
765 1857 872 1941 imago.

62 1959 135 2042 Ipsa
150 1982 269 2044 quoque
286 1962 409 2023 adsiduo
424 1961 557 2024 labuntur
571 1976 705 2045 tempora
720 1978 801 2026 motu
977 1972 1038 2030 120

63 2065 136 2128 Non
151 2065 237 2127 secirs
252 2087 287 2127 ac
302 2065 422 2128 flumen.
468 2066 577 2152 Neque
594 2068 671 2127 enim
688 2068 849 2130 consistere
860 2067 982 2145 flumen,
1007 2143 1009 2147 Ι

63 2170 96 2233 N
98 2191 134 2231 ec
148 2169 221 2231 levis
235 2170 305 2232 hora
320 2185 437 2252 potest:
453 2171 517 2245 sed,
532 2183 564 2232 ut
578 2171 657 2232 unda
672 2171 828 2252 impellitur
842 2173 933 2248 unda,

61 2273 251 2357 Urgeturque
266 2276 345 2357 prior
359 2274 496 2348 venienti,
511 2287 655 2355 urgetque
669 2274 809 2355 priorem,

60 2378 216 2462 Tempora
232 2379 274 2440 sic
290 2376 534 2461 lugiunt'periter,
549 2377 715 2461 pariterque
731 2392 908 2461 sequuntur:

61 2481 104 2545 Et
115 2504 191 2544 nova
199 2497 266 2545 sunt
277 2503 394 2565 semper
405 2505 413 2543 ε
424 2458 582 2565 naiiiquod
595 2480 646 2544 luit
658 2482 735 2562 antis,
744 2483 878 2548 relictum
887 2502 950 2552 est:
975 2495 1034 2556 125

61 2586 181 2670 Fitque,
197 2586 276 2670 quod
292 2587 371 2649 haud
384 2571 501 2663 luerat:
525 2603 733 2673 momentaque
748 2605 856 2655 cuncta
880 2613 1031 2662 novantur·

59 2689 173 2754 Cernis
186 2705 216 2753 et
230 2713 360 2754 emersas
374 2691 403 2754 in
418 2693 516 2754 lucem
530 2694 653 2755 tendere
668 2708 780 2772 noctes,

59 2793 102 2857 Et
112 2795 200 2879 jubar
214 2796 271 2857 hoc
285 2796 407 2857 nitidum
422 2798 509 2879 nigrae
525 2798 688 2861 succedere
702 2799 791 2864 nocti.

59 2899 129 2962 Nec
145 2901 225 2962 color
241 2914 284 2962 est
298 2900 377 2961 idem
393 2901 479 2976 coslo,
495 2902 563 2963 cum
586 2903 661 2966 lassa
674 2905 772 2985 quiete

56 3002 177 3066 Cuncta
185 3004 287 3089 jacent
301 3005 421 3083 medila3
436 3005 563 3088 cumque
578 3007 645 3067 albo
661 3005 782 3068 Lucifer
797 3010 858 3073 exit
965 3019 1026 3079 130
1097 3062 1100 3067 .

57 3107 165 3170 Clarus
180 3130 277 3191 equo:
291 3130 464 3190 rursumque
481 3110 562 3183 alius,
577 3109 647 3170 clun
662 3110 768 3192 previa
782 3113 840 3175 luci

55 3213 250 3276 Tradcndum
267 3214 383 3276 Phoebo
399 3212 558 3275 Pallantias
572 3212 662 3276 inlicit
675 3216 788 3278 orbem.

55 3317 123 3400 lpse
139 3318 187 3379 dei
202 3319 332 3401 clypeus,
347 3319 508 3381 terricum
523 3318 629 3381 tollitur
642 3319 711 3397 imai,

55 3420 147 3484 Mane
162 3423 267 3485 rubet:
283 3421 427 3506 tetrique,
442 3424 535 3500 rubet,
551 3424 620 3486 cirm
635 3426 767 3490 conditur
781 3429 859 3494 imt:

55 3524 208 3589 Candidus
223 3526 251 3589 in
266 3549 382 3589 summo
396 3543 450 3604 cst,
464 3529 566 3592 melior
581 3543 682 3594 natura
696 3532 775 3615 quod
789 3534 847 3600 illic
957 3545 1016 3603 185

53 3629 183 3695 AErheris
196 3646 248 3708 est,
264 3646 406 3718 terreque
419 3636 523 3720 procul
537 3638 676 3727 contagia
689 3638 773 3706 uitat.

295 3742 338 3800 13
