2264 4042
125 253 169 318 ao
442 217 823 307 uunauoarnosnon

123 405 269 493 Civilique
284 409 394 472 cadunt
408 409 483 473 acie.
530 407 690 473 Gratantur
703 407 833 471 Achivi:

121 509 335 600 Victoremque
350 529 472 595 tenent3
495 516 645 600 avidisque
661 512 850 600 amplexibus
862 510 986 576 herent.

100 692 103 697 .
163 618 342 706 Pervigilem
356 636 492 707 superest
504 622 604 686 herbis
617 621 714 707 sopire
730 621 892 684 draconem
904 641 915 699 3

120 723 184 801 Qui
198 726 287 791 cristi
300 729 464 813 linguisque
478 729 570 793 tribus
584 728 743 814 presignis,
758 740 789 790 et
802 724 887 789 uncis

119 830 266 898 Dentibus
280 835 455 913 horrendus,
470 849 569 900 custos
583 847 648 899 erat
661 833 759 898 arietis
773 830 868 895 aurei.
1059 838 1096 901 50

119 934 212 1005 Hunc
222 955 378 1026 postquam
393 942 499 1026 sparsit
512 941 627 1006 Lethaei
641 940 773 1026 gramine
789 935 871 1002 succi
886 958 897 1016 ς

117 1038 279 1130 Verbaque
294 1059 339 1109 ter
354 1047 428 1109 dixit
437 1048 571 1131 placidos
585 1046 724 1111 facientia
737 1065 871 1120 somnos,

118 1147 196 1226 Qua
212 1173 295 1216 mare
309 1154 467 1229 ttubatum,
484 1172 548 1236 quae
563 1153 680 1216 concita
693 1150 816 1215 flumina
829 1149 952 1231 sistant3

117 1253 248 1320 Somnus
262 1259 292 1322 in
306 1259 420 1342 ignotos
434 1258 538 1323 oculos
551 1258 700 1344 subrepit:
722 1271 753 1321 et
768 1277 841 1320 auro

116 1358 218 1426 Heros
231 1362 373 1428 AEsonius
386 1365 513 1449 potitur:
535 1365 687 1449 spolioque
702 1363 857 1448 superbus,

114 1466 248 1535 Muneris
264 1485 416 1534 auctorem
426 1456 540 1547 secum,
555 1469 648 1556 spolia
662 1471 764 1546 altera,
778 1482 908 1554 portans,

113 1571 218 1640 Victor
232 1576 376 1641 lblciacos
390 1577 483 1661 tetigit
496 1598 567 1640 cunr
581 1576 707 1662 conjuge
721 1589 833 1661 portus.

157 1682 321 1745 Hemoniae
336 1696 445 1744 matres
459 1703 514 1766 pro
533 1683 627 1766 gnatis
643 1683 722 1745 dona
736 1682 875 1766 receptis,

113 1785 330 1869 Grandaenique
345 1785 442 1849 serunt
455 1800 575 1869 patres3
596 1799 796 1870 congestaque
810 1787 934 1852 flamma

111 1891 217 1955 'Ibura
231 1891 392 1976 liquefiunt,
407 1891 587 1975 inductaque
602 1890 740 1954 cornibus
754 1913 861 1956 aurum
1049 1898 1087 1960 60

109 1996 240 2063 Victima
253 2011 321 2062 vota
335 1997 424 2062 cadit.
470 1995 535 2060 Sed
550 1996 634 2061 abest
646 1997 825 2082 gratantibus
839 1998 946 2080 AEson,

108 2103 178 2172 Jarn
192 2106 325 2193 proprior
335 2103 578 2191 leta-fessusque
589 2104 726 2169 senilibus
740 2106 833 2170 annis.

109 2213 192 2280 Ciun
207 2215 249 2279 sic
264 2213 447 2279 AEsonides:
471 2211 587 2278 ‘Ocui
603 2212 715 2276 debere
731 2214 857 2277 salutem

108 2321 272 2400 Confiteor,
287 2322 409 2408 conjux,
425 2341 593 2406 quanquam
608 2319 679 2384 mihi
694 2333 802 2383 cuncta
816 2319 934 2398 dedisti,
1028 2371 1030 2376 ,

106 2428 306 2514 Excessitque
321 2428 413 2489 fidem
427 2427 598 2490 meritorum
614 2424 731 2490 summa
744 2439 883 2506 tuorum3
1041 2431 1080 2494 ot

106 2533 141 2597 si
154 2523 259 2596 tamen*
269 2532 327 2594 hoc
341 2543 483 2614 possunt:
506 2531 577 2612 quid
591 2531 671 2592 enim
685 2552 744 2593 nou
759 2532 891 2595 carmina
903 2532 1039 2618 possint?

103 2634 205 2703 Deme
221 2636 295 2699 meis
310 2635 402 2711 annis,
417 2648 448 2698 et
461 2636 598 2718 demptos
613 2635 691 2697 adde
706 2637 842 2718 parenti?

103 2741 137 2808 N
137 2765 173 2807 ec
184 2742 277 2806 tenuit
290 2740 446 2826 lacrymas.
490 2739 575 2803 Mota
589 2752 635 2803 est
648 2740 757 2826 pietate
771 2744 921 2826 rogantis:

100 2846 343 2932 Dissimilemque
358 2846 488 2910 animum
500 2846 588 2910 subiit
600 2846 691 2910 AEeta
704 2846 833 2912 relictus.
934 2882 941 2893 ·

101 2953 174 3022 Non
189 2968 287 3019 tamen
304 2953 428 3019 affectus
441 2954 516 3018 tales
529 2952 676 3032 consessa,
691 2954 825 3032 ‘Quod’
839 2956 941 3041 inquit,
1033 2964 1075 3027 70

101 3061 247 3126 ‘Excidit
259 3083 311 3126 ore
326 3062 386 3148 pio,
401 3061 521 3148 conjux,
537 3060 659 3126 scelus?
682 3083 753 3145 ergo
768 3083 825 3147 ego
839 3062 979 3148 cuiqnam

91 3165 194 3232 =Posse
208 3181 266 3232 tue
280 3168 382 3232 videar
397 3169 523 3253 spatium
537 3168 731 3232 transcribere
747 3165 836 3230 vita?

98 3269 132 3336 N
132 3293 168 3335 ec
183 3273 257 3336 sinat
270 3273 329 3336 hoc
343 3270 463 3337 Hecate
475 3280 485 3353 ;'
506 3295 565 3337 nec
579 3286 611 3336 tu
624 3273 700 3358 petis
715 3291 820 3355 aequa:
843 3273 897 3336 sed
910 3275 976 3355 isto,

96 3375 191 3453 Quod
204 3379 289 3463 petis,
305 3379 442 3463 experiar
455 3379 552 3466 majus
565 3379 639 3442 dare
649 3398 766 3455 munus,
780 3379 878 3455 lison.

93 3484 168 3550 Arte
183 3483 253 3547 med
266 3485 362 3550 soceri
375 3486 496 3570 lungun
509 3484 686 3550 tentabimus
700 3505 805 3565 evum,
1029 3492 1073 3556 'lb

80 3590 159 3656 Non
175 3592 262 3658 annis
273 3614 420 3660 revocare
431 3594 499 3660 tuis.
544 3592 639 3660 Modd
654 3595 721 3660 diva
734 3594 872 3662 triformis
935 3609 939 3615 ’

59 3693 230 3783 Ardere&
253 3715 287 3772 et
295 3724 440 3792 presens
452 3703 628 3796 ingentibus
642 3703 759 3771 adnuat
769 3702 866 3768 auus’
