2264 4042
386 241 475 312 NUX,
489 241 638 301 mela,

47 401 91 463 At
106 419 165 461 non
179 399 228 461 ille
243 399 317 464 deus
331 421 437 483 pacem
450 401 524 464 intra
539 398 648 463 moenia
660 394 741 459 finit:

94 504 248 568 Auxilium
262 520 322 569 toto
332 507 439 590 spargit
453 506 482 567 in
498 505 569 567 orbe
585 524 680 566 suurn.

49 605 135 682 Quid
150 623 248 673 tamen
261 612 318 674 hoc
333 612 463 694 prodest,
478 607 578 671 rnedid
591 608 615 670 si
629 608 696 669 luce
710 604 867 688 palquue

93 711 253 790 Verberet,
269 729 299 776 et
312 729 378 777 tutae
393 737 452 778 non
466 713 536 776 licet
551 732 616 775 esse
630 709 724 772 mihi?

51 815 136 905 Ergo
150 839 206 880 nec
220 819 306 881 nidos
320 818 394 882 soliis
408 820 531 893 herere,
546 839 603 880 nec
618 816 707 879 ullam

97 921 228 986 Sedibus
242 925 272 985 in
286 925 391 987 nostris
405 939 482 986 stare
497 922 600 985 videtis
615 942 711 1010 avem.

52 1027 94 1089 At
106 1027 189 1110 lapis,
205 1028 234 1089 in
248 1049 332 1090 ramo
347 1027 422 1091 sedit
436 1027 601 1110 quicunque
616 1024 738 1102 bifurco,

96 1130 209 1207 flaret,
225 1145 255 1194 et
269 1146 301 1194 ut
315 1131 401 1215 captd
415 1132 506 1195 victor
520 1133 549 1194 in
564 1153 632 1194 arce
647 1142 757 1193 manet.

53 1234 173 1299 Caetera
188 1258 265 1319 saepe
279 1251 377 1300 tamen
391 1237 513 1320 potudre
529 1237 657 1301 admissa
670 1235 781 1317 negari,

98 1340 141 1404 Et
155 1342 266 1404 crimen
280 1363 341 1405 nox
356 1357 401 1405 est
415 1343 543 1404 inficiata
557 1362 653 1404 suum.

56 1447 168 1512 Nostra
181 1461 261 1509 notat
275 1446 358 1509 fusco
373 1447 477 1529 digitos
490 1445 592 1529 injuria
607 1467 707 1520 succo,

100 1552 224 1618 Cortice
238 1565 389 1613 contactas
404 1551 550 1612 inficiente
566 1571 679 1611 manus.

54 1658 109 1721 Ille
125 1677 211 1742 cruor
225 1676 310 1716 meus
325 1668 389 1716 est:
411 1653 460 1714 illo
474 1653 620 1715 maculata
635 1673 739 1715 cruore

100 1762 173 1825 Non
187 1757 356 1842 profecturd
371 1759 475 1821 dextra
488 1758 600 1820 lavatur
615 1755 701 1840 aqud.

57 1863 170 1949 ocgo,
186 1864 253 1927 crim
269 1865 359 1946 longe
374 1876 517 1925 venerunt
530 1863 615 1924 taedia
629 1861 702 1938 vite,

100 1971 210 2053 ‚Optavi
226 1970 337 2052 quoties
352 1969 433 2031 arida
446 1967 523 2044 facta
536 1967 629 2036 mori!

59 2068 169 2160 optavi
185 2075 306 2156 quoties,
322 2089 370 2136 aut
385 2095 469 2136 caeco
479 2074 593 2135 turbine
607 2073 690 2147 verti,

103 2181 165 2243 Aut
180 2179 274 2241 valido
289 2179 369 2240 missi
384 2177 510 2238 fulminis
524 2178 592 2256 igne
607 2176 665 2257 peti
680 2177 687 2235 !

10 2318 21 2347 ,·
60 2288 161 2368 Atque
176 2284 286 2344 utinam
301 2283 400 2344 subitae
415 2294 552 2363 raperent
567 2301 634 2341 rnea
648 2299 737 2360 poma
750 2279 896 2362 procellae,

106 2389 163 2450 Vel
177 2408 296 2470 possem
311 2385 421 2446 fructus
437 2398 579 2446 excutere
594 2385 655 2464 ipsa
671 2404 766 2447 meos.

63 2493 126 2569 Sic,
144 2493 192 2554 ubi
207 2492 339 2553 detracta
353 2502 396 2550 est
410 2510 428 2550 a
441 2503 471 2549 te
485 2487 534 2548 tibi
550 2508 639 2549 causa
655 2488 764 2570 pericli,

99 2597 199 2670 'Quod
214 2608 355 2678 superest,
370 2607 472 2668 tutum,
488 2592 611 2656 Pontice
633 2608 739 2671 castor,
753 2597 855 2660 habes.

62 2701 147 2775 Quid
162 2701 232 2762 milri
246 2714 315 2761 tunc
331 2698 418 2760 animi
433 2711 486 2774 est,
501 2696 570 2759 crim
586 2699 673 2760 sumit
686 2699 744 2762 tela
757 2702 849 2765 uiator
861 2723 870 2780 3

36 2862 38 2867 Α
108 2807 207 2887 Atque
223 2804 314 2866 oculis
329 2803 420 2884 plagae
436 2802 560 2864 destinat
575 2803 640 2865 ante
656 2805 779 2867 locum?

66 2911 134 2974 Nec
150 2910 238 2970 vitare
253 2909 322 2968 licet
335 2920 414 2968 moto
429 2904 490 2968 fera
504 2907 627 2970 verbera
641 2923 753 2984 trunco

110 3015 211 3088 Quem
227 3013 280 3075 sub
296 3012 385 3074 humo
399 3011 484 3073 radix
497 3012 651 3093 vinclaque
666 3013 750 3074 fima
763 3025 871 3076 tenent.

66 3121 204 3205 Corpora
218 3119 381 3200 praebernus
395 3116 507 3197 plagis:
529 3128 561 3175 ut
574 3135 651 3197 saepe
666 3115 782 3196 sagittis,

10 3256 11 3260 ¹
112 3225 193 3312 Crirn
208 3224 332 3307 populus
346 3219 477 3284 manicas
491 3219 659 3302 deposuisse
673 3233 771 3283 vetat:

67 3332 149 3397 Utve
164 3350 284 3414 gravem
299 3327 429 3393 candens
443 3324 491 3386 ubi
507 3324 567 3386 tolli
580 3345 673 3387 vacca
688 3328 824 3403 securim,

115 3437 177 3499 Aut
191 3433 289 3515 stringi
304 3432 411 3494 cultros
424 3431 452 3492 in
468 3450 521 3492 sua
534 3429 610 3491 colla
623 3429 712 3492 videt.

73 3543 162 3626 Saepe
177 3560 260 3603 meas
273 3548 361 3600 vento
376 3535 492 3599 frondes
506 3535 659 3600 tremuisse
674 3533 815 3619 petistis:

119 3647 180 3713 Sed
195 3658 292 3709 metus
304 3643 334 3708 in
348 3642 432 3709 nobis
446 3663 537 3711 causa
550 3642 689 3712 tremoris
703 3658 779 3710 erat.
