2264 4042
112 256 173 319 144
402 240 775 303 unrauouruosaou

109 406 226 470 sistitur
239 416 307 467 ante
321 423 396 478 aras,
411 403 549 485 auditque
564 402 664 483 ignara
677 412 869 484 precantem:

108 509 280 593 lmpouique
296 529 354 571 suae
369 507 449 570 videt
462 507 535 569 inter
550 528 660 568 cornua
674 504 768 581 fronti,

108 612 194 687 Quas
208 612 297 674 coluit
310 609 429 694 fruges:
451 632 648 694 percussaque
664 609 804 693 sanguine
819 607 928 671 cultros
1035 609 1074 667 75

106 716 203 780 Inficit
216 718 245 779 in
259 715 368 799 liquide
381 716 518 799 praevisos
532 714 647 777 forsitan
664 714 752 776 uudb.

104 820 242 884 Protinus
257 834 372 904 ereptas
384 821 490 882 viventi
505 833 623 903 pectore
638 819 726 881 fibras

101 923 270 1009 Inspiciunt,
286 938 457 1007 mentesque
472 924 562 987 detim
577 936 738 986 scrutantur
753 923 781 984 in
796 922 859 985 illis.

144 1028 235 1092 Unde
250 1029 344 1091 fames
358 1029 466 1090 homini
480 1029 634 1090 vetitorum
651 1041 729 1089 tanta
744 1025 901 1091 ciborum?

103 1135 229 1199 Audetis
242 1133 333 1209 vesci,
348 1153 473 1215 genoso
490 1130 635 1192 mortede?
658 1132 747 1212 quod,
762 1152 825 1207 oro,
1031 1133 1071 1194 80

102 1240 153 1304 Ne
168 1238 254 1302 facite
268 1260 276 1299 t
298 1251 328 1299 et
342 1237 457 1299 monitis
471 1236 582 1298 animos
596 1233 736 1296 advertite
750 1237 864 1298 nostris.

102 1342 242 1426 Cumque
256 1343 346 1404 boum
360 1340 464 1402 dabitis
478 1360 621 1401 caesorum
635 1339 768 1401 membra
782 1340 890 1422 palato,
969 1330 973 1336 ’

102 1446 249 1511 Mandere
263 1466 315 1509 vos
328 1457 440 1507 vestros
454 1443 525 1506 scite
541 1456 571 1504 et
585 1443 687 1504 sentite
702 1444 831 1506 colonos.

101 1551 144 1615 Et
158 1551 293 1636 quoniam
309 1551 383 1611 deus
397 1569 449 1610 ore
463 1560 571 1623 movet,
586 1568 693 1630 sequar
706 1569 758 1610 ora
772 1563 940 1613 moventem

100 1654 171 1718 Rite
187 1657 275 1717 deum
288 1676 298 1732 3
318 1652 511 1734 Delphosque
526 1673 619 1727 mene,
634 1651 786 1735 ipsumque
801 1654 953 1717 recludam
1028 1660 1068 1719 85

99 1758 245 1834 AEthera3
267 1769 296 1817 et
307 1768 438 1836 augustae
453 1754 590 1816 reserabo
604 1755 722 1816 oracula
736 1757 851 1819 mentis.
888 1824 903 1837 Ἀ

96 1858 218 1940 Magna,
234 1879 290 1920 nec
304 1857 424 1937 ingeniis
439 1857 596 1938 euestigata
609 1857 747 1940 priorum,
880 1838 884 1843 ¹

98 1962 234 2044 Quaeque
246 1959 296 2021 diu
310 1959 430 2034 latuere,
445 1979 560 2021 cunam.
605 1958 692 2021 Juvat
705 1961 747 2024 ire
762 1983 816 2045 per
831 1963 888 2028 alta

97 2067 206 2130 Astra:
223 2065 316 2150 juvat,
330 2064 414 2126 terris
428 2078 457 2126 et
471 2063 553 2125 inerti
568 2063 640 2126 sede
655 2065 773 2142 rehctis,

95 2168 186 2235 Nube
202 2169 268 2233 vehi
280 2189 290 2247 ;
312 2169 454 2251 validique
467 2169 597 2231 humeris
610 2169 742 2233 insistere
756 2171 879 2235 Atlantis
892 2195 900 2232 :
1023 2177 1065 2237 90

94 2273 291 2357 Palantesque
307 2274 418 2335 animos
432 2273 541 2358 passim
555 2294 590 2336 ac
604 2272 721 2338 rationis
736 2291 855 2357 egentes

91 2378 277 2463 Despectare
292 2379 403 2461 procul,
418 2378 615 2461 trepidosque,
629 2379 797 2464 obiurmque
811 2381 948 2445 timenter

94 2482 146 2546 Sic
160 2481 329 2559 exhortari,
350 2482 513 2562 seriemque
529 2483 664 2544 evolvere
679 2482 739 2545 sati.

93 2592 112 2623 “
124 2584 155 2647 O
169 2605 263 2666 genus
277 2583 429 2645 attonitum
444 2583 546 2665 gelidae
562 2582 715 2645 formidine
730 2590 829 2651 mortis
845 2590 853 2650 !
910 2641 913 2647 .

90 2686 175 2760 Quid
191 2684 293 2767 Styga,
304 2685 374 2767 quid
388 2685 533 2760 tenebras,
546 2685 615 2767 quid
636 2689 753 2750 nomina
766 2712 843 2755 vana
855 2692 972 2770 timetis,
1016 2699 1057 2759 95

88 2786 247 2854 Materiem
260 2786 505 2868 tantundemque
519 2789 635 2871 piacula
648 2791 774 2855 mundi?

89 2892 225 2976 Corpora
238 2890 300 2954 sive
312 2910 401 2975 rogus
415 2889 543 2966 flamme,
559 2913 612 2955 seu
626 2895 693 2958 tabe
707 2911 834 2962 vetustas

88 2996 258 3071 Abstulerit,
272 2994 349 3059 mala
364 3017 450 3081 posse
465 2997 525 3079 pati
546 3018 603 3060 non
618 3000 676 3062 ulla
689 3003 804 3084 putetis.

87 3102 185 3167 Morte
199 3115 300 3165 carent
314 3102 437 3165 anime:
459 3123 645 3185 semperque,
660 3106 756 3187 priore
770 3107 873 3172 relicte

86 3205 179 3281 Sede,
193 3206 274 3267 novis
283 3205 411 3267 habitant
425 3205 559 3268 domibus
572 3207 727 3290 vivuntque
742 3225 878 3292 receptae.
991 3220 1052 3279 loo

83 3309 150 3393 Ipse
166 3330 221 3390 ego
233 3307 315 3391 (nam
330 3307 462 3391 memini)
477 3308 599 3392 Trojani
613 3325 744 3394 tempore
759 3315 826 3376 belli

84 3411 266 3476 Panthoides
275 3409 452 3492 Euphorbus
467 3433 567 3475 eram:
588 3416 637 3476 cui
651 3430 771 3497 pectore
786 3423 934 3502 quondam

82 3515 168 3578 Sedit
181 3514 210 3576 in
225 3512 347 3576 adverso
361 3516 455 3595 gravis
474 3516 555 3579 haste
569 3517 688 3580 minoris
704 3520 824 3590 Atride.

68 3617 209 3702 Cognovi
221 3617 373 3708 clypeum,
388 3618 468 3684 laevae
483 3621 647 3706 gestamina
657 3639 762 3694 nostre
