2264 4042
96 246 157 309 150
395 227 774 303 uernuoneeosnon

93 394 138 459 'Et
153 393 337 460 Diomedeos
351 396 464 461 AEneas
479 397 593 481 fugerat
612 418 707 460 enses.

94 498 219 564 Talibus
233 503 311 565 hanc
325 503 458 586 genitor:
474 510 482 541 ‘
496 503 567 565 Sola
581 502 776 586 insuperabile
792 499 896 574 fatum,

95 605 187 683 Nata,
202 629 323 671 movere
337 608 449 692 paras?
469 609 559 672 intres
573 609 643 672 licet
656 609 720 692 ipsa
736 607 878 669 Sororum

95 710 195 775 Tecta
208 714 305 791 trium,
320 737 426 779 cemes
440 715 497 779 illic
513 715 662 777 molimine
676 727 759 777 vasto

97 814 150 879 Ex
164 839 232 895 ere,
247 833 278 882 at
292 821 385 883 solido
397 843 496 885 rerum
511 821 653 886 tabularia
666 819 763 884 ferro:

97 920 174 995 Quae
190 946 287 1009 neque
302 948 480 990 concursum
494 927 572 1003 coeli,
587 948 685 1010 neque
700 923 828 989 fulminis
839 922 924 998 iram,

96 1025 167 1093 Nec
182 1043 316 1093 metuunt
330 1032 403 1094 ullas
417 1045 479 1095 tuta
494 1046 581 1115 atque
596 1046 704 1094 eterna
717 1029 825 1093 ruinas.

97 1129 234 1198 Invenies
248 1134 306 1198 illic
320 1137 413 1199 incisa
427 1137 583 1198 adamante
600 1136 722 1218 perenni

99 1233 177 1300 Fata
191 1239 232 1301 tui
246 1242 381 1323 generis:
402 1241 461 1324 legi
474 1241 548 1324 ipse,
564 1240 719 1324 animoque
734 1240 842 1315 notavi,

81 1347 84 1353 ’
99 1339 142 1404 Et
156 1341 304 1407 referam:
326 1368 364 1408 ne
379 1347 417 1409 sis
432 1347 592 1409 etiamnum
606 1346 707 1429 ignara
721 1344 817 1408 futuri.

99 1444 161 1510 Hic
177 1471 231 1512 sua
244 1451 403 1535 complevit
418 1448 486 1536 (pro
502 1473 570 1535 quo,
586 1450 748 1534 Cytherea,
762 1447 891 1534 laboras)

90 1540 265 1638 ¹Tempora,
275 1555 424 1639 perfectis,
440 1578 514 1641 quos
528 1569 610 1620 terrae
627 1557 736 1633 debuit,
749 1556 840 1619 annis.

101 1657 144 1722 Ut
159 1660 234 1724 deus
248 1661 373 1725 accedat
387 1662 475 1738 eoelo,
492 1663 666 1747 templisque
681 1655 804 1737 colatur,

101 1763 153 1826 Tu
168 1763 269 1841 facies,
284 1780 427 1849 natusque
442 1788 522 1841 suus,
538 1769 586 1848 qui
600 1767 724 1828 nominis
742 1766 847 1843 haeres,

100 1864 273 1951 Impositum
288 1869 363 1932 feret
376 1869 468 1932 Urbis
483 1890 567 1946 onus,
582 1871 711 1953 caesique
733 1873 862 1953 parentis

102 1972 167 2036 Nos
181 1974 211 2036 in
225 1974 303 2037 bella
318 1996 386 2038 suos
400 1974 570 2038 fortissimus
584 1976 659 2038 ultor
673 1976 803 2038 habebit.

100 2078 181 2143 Illius
196 2080 332 2165 auspiciis
346 2084 472 2144 obsessae
487 2081 597 2144 moenia
607 2103 714 2165 paoem

101 2184 190 2251 Victa
203 2186 304 2272 petent
318 2187 439 2251 Mutine
454 2211 462 2249 z
485 2187 638 2250 Pharsalia
653 2190 758 2251 sentiet
772 2189 863 2265 illum,

102 2293 311 2379 AEmathihque
326 2295 432 2358 iterum
446 2292 603 2357 madefacti
618 2295 700 2356 caede
716 2293 864 2377 Philippi:

104 2399 146 2462 Et
160 2399 303 2483 Magnum
320 2400 427 2462 Siculis
440 2421 548 2462 nomen
563 2400 745 2484 superabitur
764 2399 870 2461 undis:

103 2505 292 2588 Romanique
308 2504 392 2566 ducis
407 2505 517 2589 conjux
531 2504 682 2586 AEgyptia,
699 2505 780 2567 taedae

103 2610 174 2673 Nou
188 2611 265 2672 bene
279 2610 343 2684 fisa,
359 2609 447 2670 cadet
460 2630 467 2668 :
482 2606 644 2690 frustraque
659 2611 713 2672 erit
727 2611 775 2672 illa
789 2610 909 2685 minata,

104 2715 254 2777 Servitura
270 2735 323 2776 suo
338 2712 485 2796 Capitolia
499 2726 597 2774 nostra
620 2713 756 2796 Canopo.

104 2820 187 2894 Quid
201 2819 251 2882 tibi
266 2817 451 2894 Barbariem,
467 2832 568 2900 gentes
584 2820 620 2880 ab
639 2833 760 2902 utroque
771 2819 907 2904 jacentes

104 2928 239 3003 Oceano,
255 2923 433 2988 numerem?
456 2923 667 3007 Quodcunque
682 2925 837 2987 habitabile
852 2925 937 2987 tellus

106 3033 244 3109 Sustinet,
259 3031 344 3116 hujus
361 3030 433 3093 erit:
449 3045 553 3114 pontus
569 3051 685 3113 quoque
702 3031 808 3092 serviet
821 3030 870 3091 illi.

105 3139 188 3203 Pace
204 3137 380 3212 delatoris,
396 3137 525 3198 animum
540 3137 577 3198 ad
593 3137 687 3198 civilia
702 3150 794 3198 vertet

105 3243 177 3306 Jura
192 3265 288 3318 suum,
303 3242 441 3324 legesque
453 3239 527 3303 feret
544 3241 719 3324 justissimus
734 3254 855 3301 auctor:

106 3348 317 3432 Exemploque
333 3368 385 3408 suo
399 3367 497 3407 mores
511 3360 614 3426 reget:
634 3345 721 3425 inque
736 3341 822 3405 futuri

104 3453 265 3536 Temporis
279 3464 403 3526 aetatem,
418 3464 664 3531 venturorumque
679 3462 829 3530 nepotum,

105 3557 303 3643 Prospiciens,
318 3555 432 3638 prolem
447 3552 548 3616 sancta
562 3554 600 3615 de
615 3552 739 3637 conjuge
754 3569 852 3618 natam

106 3667 201 3730 Ferre
216 3662 301 3728 simul
315 3679 483 3744 nomenque
498 3677 582 3719 suum
605 3678 749 3743 curasque
759 3659 883 3744 jubebit.
