2264 4042
432 253 549 313 amnt:
565 252 615 312 111.
992 253 1032 313 41

52 413 171 479 Praeter
186 433 289 498 aquas.
334 410 437 476 Unum
450 413 509 477 hoc
523 433 645 497 possum
659 409 810 498 appellare
822 420 990 495 paternum.

51 520 131 584 Mox
145 541 212 604 ego,
226 540 267 583 ne
280 519 409 603 scopulis
422 519 568 583 haererem
587 516 746 602 semperiu
759 514 867 592 isdem,
970 514 1031 579 176

52 625 196 690 Addidici
210 625 353 710 regimen,
368 623 475 688 dennis
488 623 672 700 moderante,
687 622 794 687 carinae

55 729 218 797 Flectere:
240 745 271 795 et
285 730 399 794 Oleniae
414 730 496 795 sidus
509 729 636 814 pluviale
650 728 782 813 capellae,

54 835 285 921 Taygetenque,
301 833 488 920 Hyadesque
501 834 595 898 oculis
609 835 781 918 Arctonque
793 831 902 908 nomm,

54 939 282 1026 Ventorumque
296 940 413 1017 domos,
428 954 458 1004 et
471 953 574 1025 portus
587 939 735 1024 pupprlrus
749 949 845 1024 aptos.
970 938 1030 1000 180

17 1034 20 1039 ’
100 1045 193 1109 Fora
207 1058 313 1130 petens
326 1044 437 1122 Delon,
452 1043 519 1108 Diae
533 1043 645 1108 telluris
654 1043 692 1108 ad
706 1064 775 1108 oras

57 1153 209 1238 Applicor,
225 1165 255 1215 et
268 1151 381 1215 dextris
391 1151 525 1215 adducor
538 1150 633 1214 littora
642 1149 751 1213 remis:

53 1257 166 1342 Doque
180 1257 262 1321 leves
275 1257 383 1320 saltus:
404 1256 531 1341 udaque
545 1256 651 1319 innitor
666 1275 774 1318 arene.

56 1361 129 1426 Nox
142 1361 194 1425 ubi
207 1375 382 1446 consumpta
397 1375 441 1425 est
452 1384 462 1439 3
485 1361 602 1426 Aurora
615 1361 775 1425 rubescere
789 1359 918 1445 primdm

57 1466 220 1552 Coeperat:
243 1488 381 1550 exsurgo,
396 1467 557 1551 laticesque
571 1465 679 1530 inferre
692 1479 839 1554 recentes*
971 1467 1030 1527 185

57 1571 236 1650 Admone03
257 1584 448 1653 monstroque
462 1570 551 1645 mam,
566 1590 631 1653 quae
647 1569 738 1633 ducat
752 1569 791 1633 ad
805 1569 908 1634 undas.
1034 1578 1038 1583 '

57 1674 134 1760 lpse,
149 1675 221 1760 quid
236 1695 308 1738 aura
321 1673 393 1736 mihi
407 1673 521 1737 tumulo
534 1674 683 1758 promittat
696 1675 734 1739 ab
749 1675 816 1753 alto,
916 1686 919 1692 “

57 1777 231 1865 Prospicio:
253 1776 437 1861 comitesque
451 1798 538 1853 voco,
552 1791 715 1863 repetoque
729 1778 870 1843 carinam.

58 1890 77 1922 ‘⁴
86 1884 240 1947 Adsumus
252 1882 319 1960 en,”
333 1883 434 1968 inquit,
449 1882 597 1947 sociorum
610 1884 723 1969 primus
736 1884 903 1969 Opheltes:

57 1987 158 2074 thue
172 2002 264 2072 putat,
278 1989 408 2072 praedem
424 1989 542 2053 deserto
557 2005 661 2054 nactus
675 1991 704 2054 in
719 2012 800 2075 agm,
969 1993 1029 2052 190

58 2091 198 2176 Virginei:
211 2114 337 2176 puerum
349 2093 431 2156 ducit
444 2115 499 2177 per
513 2093 609 2158 littora
623 2093 728 2158 sormi.

98 2201 164 2277 llle,
179 2222 263 2270 mero
277 2222 440 2284 somnoque
455 2202 563 2284 gravis,
578 2202 704 2265 titubare
716 2203 850 2281 videtur:

59 2305 176 2390 Vixque
191 2305 285 2390 sequi.
332 2305 444 2388 Specto
459 2307 581 2381 cultum,
596 2304 774 2389 faciemque,
786 2304 987 2390 gradumque:

58 2409 108 2472 Nil
123 2408 172 2485 ibi,
187 2407 268 2493 quod
283 2420 383 2490 posset
397 2406 479 2468 credi
494 2406 626 2484 mortale,
639 2407 789 2498 ¹videbam.

37 2510 41 2516 ’
59 2514 99 2578 Et
113 2515 201 2591 sensi,
216 2528 247 2577 et
262 2512 325 2576 dixi
340 2513 435 2590 sociis
452 2513 577 2589 “Quod
591 2537 702 2580 numen
718 2517 745 2580 in
761 2516 817 2581 isto
969 2520 1028 2581 195

58 2619 192 2704 Corpore
209 2620 244 2683 sit
258 2618 380 2682 dubito:
402 2620 456 2683 sed
471 2642 595 2705 corpore
606 2643 717 2685 numen
731 2622 761 2685 in
775 2623 830 2687 isto
845 2638 900 2688 est.

58 2721 201 2807 Quisquis
216 2744 258 2799 es,
274 2744 293 2785 o
307 2720 418 2799 faveae,
434 2723 596 2806 nostrisque
611 2724 758 2788 laboribus
773 2724 861 2789 adsis.

58 2824 114 2890 llis
128 2845 247 2910 quoque
262 2824 316 2887 des
331 2824 478 2888 veniam.”
524 2825 616 2889 “Pro
630 2827 714 2890 nobis
728 2827 811 2891 mitte
825 2828 971 2914 precari,’·’

60 2929 166 3014 Dictys
181 2930 239 2992 ait:
261 2950 320 3014 quo
334 2950 393 2992 non
409 2930 481 2993 alius
496 2931 699 2994 conscendere
714 2953 847 2996 summas

60 3035 152 3101 Ocior
166 3049 316 3112 antennas,
331 3057 497 3120 prensoque
510 3037 635 3099 rudente
650 3036 753 3100 relabi.
967 3045 1031 3106 200

61 3142 129 3206 Hoc
145 3141 248 3226 Libys,
264 3143 322 3206 hoc
338 3141 441 3217 flavus,
456 3163 550 3226 prorae
566 3141 666 3219 tutela,
681 3141 861 3223 Melanthus,

59 3245 129 3311 Hoc
143 3247 250 3331 probat
262 3246 461 3310 Alcimedon:
483 3259 523 3322 et,
539 3246 588 3330 qui
598 3247 791 3335 requiemque
805 3251 987 3342 modumque

60 3347 144 3412 Voce
159 3348 249 3411 dabat
263 3349 362 3424 remis,
378 3347 542 3412 auimomm
556 3349 686 3414 hortator
700 3349 866 3438 Epopeus:

60 3448 129 3515 Hoc
144 3470 250 3514 omnes
264 3449 322 3515 alii.
367 3448 480 3514 Praedae
497 3465 557 3515 tam
571 3472 653 3516 caeca
666 3454 776 3540 cupido
789 3470 844 3521 cst.

60 3561 79 3592 ‘⁴
91 3553 164 3618 Non
178 3569 278 3618 tamen
292 3555 370 3620 hauc
385 3577 471 3621 sacro
484 3556 584 3621 violari
599 3559 731 3642 pondere
744 3561 847 3646 pinum
967 3569 1030 3628 205

58 3654 251 3754 Perpetiar,”
266 3658 350 3722 dixi:
371 3660 469 3744 t‘pms
483 3657 532 3724 hic
546 3660 764 3725 mihimaxima
773 3654 890 3751 juris.'’3

315 3760 359 3824 4:
