2264 4042
128 243 170 305 43
417 233 796 293 ueamoarnosaou

125 396 267 480 Quidque
282 394 361 459 furer
374 393 480 472 valeat,
495 391 633 459 Penthei
646 393 731 458 crede
745 393 873 479 satisque
1054 460 1071 473 ,

125 502 172 565 Ac
187 501 275 586 super
289 499 426 565 ostendit.
471 498 537 562 Cur
551 521 611 564 non
625 499 798 577 stimuletur,
813 515 921 586 eatque
1024 512 1098 571 ,110

124 606 186 671 Per
200 620 325 690 cognata
339 606 398 670 suis
412 606 552 690 exempla
565 602 711 669 furoribus
724 604 778 669 Ino
790 604 804 668 ἓ
816 607 824 637 ’

168 711 226 776 Est
239 713 287 776 via
302 711 433 789 declivis,
448 709 565 775 funesti
577 711 676 776 nubila
689 725 781 775 taxo:

122 817 216 884 Ducit
230 819 268 882 ad
282 817 410 882 infernas
424 839 478 903 per
492 831 575 881 muta
588 817 701 882 silentia
714 818 813 882 sedes.
990 903 992 906 ι

123 923 200 1009 Styx
214 924 337 988 nebulas
351 924 472 988 exhalat
485 924 585 988 inerat
607 924 778 1008 umbraque
792 940 929 990 recentes

121 1030 319 1095 Descendunt
332 1028 407 1106 illac,
423 1029 638 1112 simulacraque
653 1027 754 1093 functa
767 1031 919 1114 sepulcris.
1001 1084 1004 1089 .
1034 1040 1095 1100 115
1120 1028 1126 1039 ’

120 1135 221 1200 Pallor
236 1133 403 1219 Hiemsque
417 1147 519 1198 tenent
530 1134 589 1197 late
604 1135 670 1197 loca
684 1147 789 1198 senta:
809 1136 947 1220 novique,

119 1240 192 1317 Qut
206 1242 242 1306 sit
255 1242 319 1318 iter,
334 1261 447 1317 manes,
460 1238 594 1324 Stygiam
610 1238 689 1324 quod
704 1239 786 1303 ducit
800 1240 839 1303 ad
853 1241 968 1317 urbem,

116 1347 275 1432 Ignorant:
297 1345 348 1408 ubi
362 1345 398 1408 sit
411 1344 484 1428 nigri
500 1343 562 1408 sera
576 1345 659 1429 regia
672 1344 761 1411 Ditis·
943 1375 946 1379 ¹

115 1452 199 1516 Mille
214 1472 312 1536 capax
327 1450 432 1527 adime,
447 1464 478 1514 et
492 1464 607 1534 apertas
621 1451 752 1535 undique
766 1465 865 1536 portas

114 1555 195 1623 Urbs
209 1559 309 1624 habet.
352 1555 455 1641 thue
470 1555 577 1622 fretum
591 1558 630 1621 de
644 1556 707 1622 toti
720 1556 840 1621 flumina
853 1557 942 1636 terri,
1026 1565 1090 1624 120

116 1662 169 1727 Sic
183 1686 287 1726 carnes
302 1664 413 1726 animas
427 1664 511 1726 locus
527 1665 634 1748 accipit
646 1666 694 1728 ille
707 1687 717 1745 3
738 1686 797 1728 nec
807 1665 857 1728 ulli

115 1766 253 1852 Exiguus
267 1768 376 1852 populo
392 1782 446 1844 est,
461 1769 615 1831 turbamve
631 1769 779 1832 accedere
794 1771 890 1834 sentit.

114 1871 223 1936 Errant
238 1893 404 1954 exsangues
418 1872 479 1935 sine
495 1894 619 1956 corpore
636 1887 666 1936 et
680 1874 794 1938 ossibus
808 1876 919 1940 umbrae
933 1901 941 1939 a

111 1976 246 2071 Parsque
260 1976 357 2042 furum
370 1977 530 2054 celebrant,
545 2000 614 2062 pars
628 1978 678 2041 imi
692 1992 771 2043 tecta
781 1981 894 2064 tyranni
907 2005 917 2060 3

110 2082 187 2149 Pars
202 2084 272 2148 alias
288 2098 374 2160 artes,
391 2084 514 2164 antiqua
529 2084 690 2148 imitamina
704 2085 777 2149 vitae.
1022 2095 1084 2154 125

154 2191 286 2255 Sustinet
299 2191 341 2254 ire
355 2190 434 2267 illuc,
449 2189 557 2253 caelesti
572 2190 645 2255 sede
660 2191 774 2271 relicti,
832 2188 863 2279 l)

109 2296 255 2384 (Tantum
270 2298 344 2362 odiis
358 2297 466 2383 iraeque
481 2298 584 2384 dabat)
602 2297 739 2363 Saturnia
751 2278 841 2363 luno:

105 2400 178 2478 Qut
193 2402 278 2466 simul
291 2403 414 2479 intravit,
430 2424 574 2486 sacroque
589 2426 607 2468 a
621 2419 745 2490 corpore
760 2427 893 2491 pressum

104 2507 251 2590 ingemuit
264 2507 375 2585 limen;
397 2507 451 2569 tria
465 2506 618 2571 Cerberus
633 2513 736 2574 extulit
750 2533 811 2591 ora,
1012 2522 1079 2582 130

104 2611 147 2676 Et
160 2627 219 2676 tres
233 2613 353 2676 latratus
367 2610 453 2675 simul
468 2612 569 2677 edidit.
613 2614 667 2678 llla
681 2637 797 2681 sorores

102 2718 203 2784 Nocte
217 2731 305 2781 vocat
318 2718 440 2802 genitas,
456 2740 545 2802 grave
560 2733 590 2783 et
604 2720 789 2804 implacabile
803 2746 923 2790 numen.

103 2822 259 2911 (Carceris
274 2837 340 2887 ante
356 2822 434 2888 sores
445 2824 560 2890 clausas
575 2826 732 2894 adamante
747 2830 910 2895 sedebant:

100 2928 210 3016 Deque
226 2929 286 2994 suis
301 2944 378 2995 atros
391 2931 550 3017 pectebant
564 2933 692 2998 crinibus
707 2938 844 3024 angues.)

99 3034 202 3111 Quam
217 3036 302 3101 simul
317 3036 459 3122 agnbmnt
473 3035 547 3103 inter
562 3039 692 3125 caliginis
706 3044 844 3124 umbras3
1010 3053 1072 3112 135

99 3141 265 3205 Surrexdre
281 3143 356 3205 deae.
404 3144 501 3207 Sedes
516 3145 661 3211 scelerate
673 3164 806 3213 vocatur.

95 3244 219 3310 Viscera
232 3247 383 3332 prebebat
396 3247 502 3336 Tityos
516 3250 674 3332 lanianda3
695 3274 861 3339 novemque
935 3255 938 3260 ’
1031 3254 1033 3260 ’

94 3349 252 3434 Jugeribus
266 3351 407 3417 distentus
422 3342 495 3418 erat.
540 3354 621 3435 Tibi,
636 3355 774 3439 Tantale,
788 3363 873 3427 nullae

93 3456 327 3541 Deprenduntur
341 3479 424 3544 aquae
437 3482 447 3539 ;
469 3482 594 3546 quaque
608 3463 750 3544 imminet,
766 3467 867 3554 effingit
881 3472 979 3538 arbos.
1024 3454 1028 3466 ¹

92 3562 156 3628 Aut
174 3561 259 3648 petis,
275 3575 325 3627 aut
338 3584 447 3648 urgues
461 3557 613 3647 ruiturum,
630 3566 768 3658 Sisyphe,
783 3595 899 3640 sartan.
1004 3584 1068 3643 140
