2264 4042
73 208 113 267 10
386 193 764 255 unrauonrnosnou

67 357 140 434 Quo
150 378 243 434 mare,
254 376 314 441 quo
327 356 423 432 tellus,
438 367 633 440 cmreptaque
644 353 724 437 regia
739 350 808 414 coeli

68 465 202 544 Ardeat3
224 478 255 527 ct
264 463 367 527 mundi
382 463 476 526 moles
490 482 616 545 operosa
629 461 753 523 laboret.

69 569 149 633 Tela
162 582 352 655 reponuntur,
366 569 502 632 manibus
516 565 657 631 fabricata
672 564 853 650 Cyclopum.

70 673 168 739 Poena
182 676 280 759 placet
294 675 420 752 diversa,
435 696 527 758 genus
539 673 661 736 mortale
677 672 730 734 sub
746 669 832 733 undis
984 668 1050 730 260

71 779 216 858 Perdere,
232 795 263 845 et
277 780 411 845 exomni
425 781 540 845 nimbos
555 768 701 842 dimittere
716 762 805 839 coelo.

70 885 208 951 Protinus
221 887 326 952 AEoliis
341 889 520 972 Aquilonem
535 885 646 950 claudit
659 885 690 948 in
701 882 799 958 antris,

71 991 115 1057 Et
128 993 427 1078 quaecunquesugant
440 994 575 1057 inductas
590 990 710 1055 flamina
723 989 817 1052 nubes
830 1008 839 1049 r

72 1096 245 1182 Emittitque
261 1099 385 1163 Notum.
430 1097 561 1161 Madidis
576 1097 673 1161 Notus
688 1094 785 1158 evolat
799 1092 850 1156 alis
865 1113 876 1173 3
956 1125 968 1155 .·

70 1202 249 1267 Terribilem
263 1203 352 1289 picei
365 1217 460 1267 tectus
474 1203 598 1286 caligine
613 1202 736 1265 vultum.
984 1197 1053 1276 atq

73 1307 176 1372 Barba
191 1309 286 1393 gravis
298 1310 403 1374 nimbis
415 1332 426 1386 3
446 1310 529 1374 canis
543 1309 606 1373 fluit
616 1306 697 1371 unda
711 1306 844 1391 capillis:

73 1411 186 1477 Fronte
202 1415 307 1478 sedent
320 1416 456 1478 nebulae:
478 1428 578 1478 rorant
590 1434 765 1498 pennaque,
781 1412 930 1495 sinusque.

73 1515 175 1603 thue
190 1528 281 1583 ‘manu
296 1519 356 1583 latri
369 1520 528 1605 pendentia
541 1520 641 1583 nubila
654 1519 779 1603 pressit3

74 1621 125 1686 Fit
139 1622 236 1707 fragor
253 1648 261 1686 r
283 1625 352 1690 hinc
368 1626 451 1689 densi
466 1625 625 1689 funduntur
637 1626 674 1688 ab
686 1625 794 1688 ethere
809 1617 910 1689 nimbi.

74 1725 187 1791 Nuntia
200 1726 220 1788 J
222 1729 333 1805 uronis,
347 1730 444 1792 varios
458 1729 560 1793 induta
573 1731 699 1804 colores,
989 1728 1055 1790 270

74 1827 213 1914 Concipit
227 1831 281 1895 lris
293 1854 394 1915 aquas,
407 1833 602 1917 alimentaque
616 1833 742 1896 nubibus
757 1831 851 1896 affert
925 1870 928 1883 ι

76 1935 251 1999 Sternuntur
266 1950 392 2021 segetes,
405 1951 435 2000 et
447 1938 599 2021 deplorata
612 1937 709 2000 coloni

75 2036 154 2103 Vota
164 2040 266 2125 jacent
278 2063 287 2119 3
309 2040 447 2124 longique
461 2041 544 2104 labor
554 2041 630 2125 perit
640 2041 735 2103 irritus
748 2040 825 2105 anni.

119 2143 188 2208 Nec
203 2146 281 2208 coelo
292 2159 431 2209 contenta
445 2167 498 2208 suo
512 2144 594 2208 Jovis
608 2145 672 2208 ira:
695 2145 748 2208 sed
763 2144 844 2206 illurn

76 2247 230 2315 Caeruleus
244 2250 333 2315 frater
342 2251 427 2336 juvat
438 2251 624 2315 auxiliaribus
639 2251 735 2313 undis.
989 2251 1054 2326 275·

77 2353 234 2420 Convocat
248 2356 297 2420 hic
312 2379 425 2420 amnes.
471 2355 533 2431 Qui
548 2371 705 2441 postquam
719 2367 798 2419 tecta
812 2352 926 2439 tyranni
1035 2380 1046 2399 ·

76 2458 227 2525 Innavbre
242 2462 296 2537 sui,
313 2462 403 2525 ‘Non
417 2476 463 2526 est
476 2462 639 2524 hortamine
653 2449 741 2544 longo

77 2564 180 2643 Nunc,
192 2565 201 2596 ‘
213 2565 261 2642 ait,
278 2572 287 2602 ‘
302 2567 466 2629 utendum:
488 2566 565 2629 vires
579 2565 720 2629 effimdite
734 2580 856 2630 vestras.

79 2668 131 2734 Sic
146 2692 220 2756 opus
235 2684 301 2734 est:
324 2671 434 2755 aperite
450 2671 574 2738 domos:
597 2692 643 2747 ae,
659 2671 738 2734 mole
753 2670 878 2748 remota,

79 2773 265 2839 Fluminibus
280 2776 382 2841 vestris
396 2790 472 2840 totas
486 2776 631 2842 immittite
645 2769 799 2841 habenas?
992 2778 1056 2839 280

77 2878 221 2946 Jusserat.
268 2881 310 2947 Hi
326 2882 460 2958 redeunt,
476 2904 512 2946 ac
528 2880 654 2948 fontibus
668 2904 720 2947 ora
734 2884 877 2961 relaxant,

80 2986 123 3053 Et
136 2989 296 3056 defrenato
310 2992 465 3056 volvuntur
479 2991 509 3055 in
524 3013 643 3076 aequora
656 3013 755 3056 cursu.

79 3093 148 3179 lpse
162 3095 287 3161 tridento
302 3119 357 3161 suo
369 3111 478 3161 terram
501 3098 665 3182 percussit:
688 3111 719 3160 at
731 3097 781 3160 illa

79 3198 242 3278 Intremuit,
257 3217 398 3287 motuque
413 3203 492 3267 sinus
506 3203 647 3287 patefecit
657 3222 811 3286 aquarum.

80 3305 257 3391 Exspatiata
270 3323 357 3372 ruunt
370 3330 424 3392 per
439 3324 556 3393 apertos
570 3307 691 3372 flumina
706 3327 851 3389 campos;
994 3307 1058 3371 285

81 3408 222 3496 Cumque
238 3414 307 3477 satis
322 3415 440 3478 arbusta
454 3415 551 3491 simul,
566 3412 770 3498 pecudesque,
784 3411 932 3496 virosque,

82 3515 252 3601 Tectaque,
264 3540 393 3603 cumque
408 3519 468 3588 suls
481 3519 598 3602 rapiunt
610 3517 772 3602 penetralia
786 3516 887 3583 sacris,

84 3623 118 3689 Si
132 3645 193 3712 qua
206 3626 313 3691 domus
327 3627 443 3704 mansit,
457 3626 611 3714 potuitque
625 3625 761 3690 resistere
775 3638 856 3690 tanto
