2264 4042
454 234 569 296 mann
587 234 651 294 v11.

128 394 250 463 AEsonis
264 398 396 462 effoetum
410 396 532 483 pmserri
547 418 653 481 corpus
668 394 706 458 ad
721 415 787 458 aras

83 504 197 569 Jussit:
220 506 292 568 etin
306 506 409 589 plenos
423 504 584 568 resolutum
599 503 729 567 carmine
744 521 873 576 somnos,

84 610 228 674 Exanimi
243 612 377 697 similem,
394 612 488 674 stratis
502 610 632 694 porrexit
646 608 795 672 inberbis
1017 605 1059 664 80

84 716 166 780 Hinc
182 719 285 801 procul
298 717 475 792 AEsoniden,
490 717 594 801 procul
607 717 675 778 hinc
685 715 772 800 jubet
785 714 828 777 ire
842 711 1008 776 ministros:

82 821 126 885 Et
140 837 242 886 monet
257 824 371 887 arcanis
386 824 488 886 oculos
501 843 655 885 removere
670 819 817 905 profanos.

82 927 250 1012 Diffugiunt
259 929 344 1013 jussi.
392 928 510 1012 Sparsis
524 927 639 991 Medea
653 926 766 1010 capillis

81 1032 292 1096 Bacchantdm
306 1035 362 1096 ritu
377 1033 533 1117 flagrantes
547 1033 651 1096 circuit
664 1054 749 1095 aras:

81 1137 304 1224 Multifidasque
315 1138 397 1203 faces
410 1139 440 1201 in
455 1138 534 1203 sossi
548 1136 694 1223 sanguinis
710 1137 773 1200 atrii

80 1242 202 1326 Tingit:
225 1259 256 1307 et
268 1245 402 1310 intinctas
416 1247 540 1329 geminis
555 1246 692 1309 accendit
702 1245 731 1306 in
743 1244 810 1307 aris.

81 1348 205 1432 Terque
222 1350 469 1428 senemflammi,
484 1366 530 1414 ter
545 1350 632 1435 aqui,
647 1365 692 1414 ter
707 1347 817 1413 sulfure
832 1349 943 1412 lustrat.

80 1452 199 1517 Interea
214 1457 343 1519 validum
358 1457 452 1539 posito
466 1456 654 1520 medicamen
670 1459 746 1518 ac'no

81 1558 193 1624 Fervet
205 1583 214 1641 3
238 1577 268 1622 et
282 1562 410 1623 exsultat
422 1584 431 1640 3
453 1563 622 1643 spumisque
636 1559 815 1622 tumentibus
830 1559 918 1622 albet.

80 1663 143 1728 Illic
159 1664 320 1727 Haemonib
333 1665 450 1727 radices
464 1665 540 1727 valle
554 1679 694 1741 resectas,
1016 1664 1058 1726 90

36 1775 38 1780 '
81 1769 276 1854 Seminaque,
291 1769 449 1854 floresque,
465 1784 496 1834 et
509 1752 615 1834 succos
629 1770 759 1855 incoquit
772 1792 867 1835 acres.

79 1876 191 1961 Adjicit
205 1889 340 1945 extremo
354 1876 467 1959 lapides
483 1875 605 1940 Oriente
619 1877 735 1962 petitos,

80 1979 132 2058 Et,
148 2003 222 2064 quas
237 1980 353 2045 Oceani
368 1981 494 2045 refluum
510 2004 592 2046 mare
607 1984 686 2061 lavit,
703 2005 818 2048 arenas.

80 2086 216 2149 Addita
230 2103 372 2170 exceptas
386 2086 477 2151 Luna
490 2102 632 2171 pernocte
647 2089 775 2171 pruinas.

81 2189 139 2255 His
154 2207 184 2254 et
197 2192 276 2256 mille
292 2194 355 2257 aliis
370 2209 528 2276 postquam
542 2193 605 2258 sine
616 2194 736 2256 nomine
747 2194 836 2258 rebus
1013 2196 1055 2257 95

79 2296 270 2382 Propositum
284 2299 419 2362 instruxit
433 2299 553 2361 morteri
566 2299 692 2361 barbara
706 2318 812 2359 munus
824 2320 833 2372 3

80 2403 184 2467 Arenti
199 2395 283 2466 ramo
293 2404 476 2488 jampridem
491 2404 567 2466 mitis
580 2404 662 2466 olivae

79 2508 189 2572 Omnia
202 2507 378 2588 confundit3
400 2509 580 2594 summisque
595 2510 753 2576 immiscuit
769 2511 839 2577 ima.

80 2613 166 2678 Ecce
182 2630 266 2678 vetus
281 2615 377 2678 calido
392 2630 523 2680 versatus
537 2617 627 2702 stipes
642 2622 718 2683 aeno

69 2718 129 2783 ,Fit
142 2721 242 2784 viridis
256 2721 373 2805 primb;
395 2745 452 2786 nec
466 2724 554 2807 longo
568 2738 704 2808 tempore
718 2724 854 2789 frondem
994 2731 1056 2792 100

72 2825 198 2906 ·1nduit;
220 2839 250 2889 et
264 2826 359 2890 subito
374 2829 501 2911 gravidis
515 2844 653 2893 oneratur
666 2831 759 2906 olivis.

78 2933 120 2995 At
135 2930 312 3017 quicunque
327 2955 402 2996 cavo
418 2956 537 3017 spumas
552 2935 639 3019 ejecit
654 2940 730 3000 ae'no
795 2990 798 2995 .

78 3037 167 3122 Ignis,
183 3039 255 3101 etin
270 3053 380 3102 terram
394 3053 481 3121 guttae
497 3041 635 3103 cecidere
650 3042 804 3121 calcatae,

80 3142 192 3207 Vernat
204 3144 311 3208 humus
323 3167 330 3206 :
352 3144 511 3230 floresque,
528 3160 558 3208 et
572 3147 671 3210 mollia
684 3148 792 3231 pabula
806 3164 936 3235 surgunt.
1039 3164 1040 3168 ’

77 3249 170 3323 Quod
186 3251 271 3313 simul
287 3273 323 3314 ac
337 3251 428 3329 vidit3
451 3251 550 3314 stricto
567 3251 679 3316 Medea
693 3255 819 3319 recludit
993 3266 1054 3328 105

77 3355 160 3420 Ense
176 3357 254 3420 senis
263 3357 421 3441 jugulum:
443 3373 635 3443 veteremque
650 3361 733 3425 exire
748 3385 885 3428 amorem

76 3461 182 3539 Passa,
197 3463 291 3547 replet
305 3464 412 3528 succis.
458 3465 545 3540 Quos
558 3482 716 3551 postquam
730 3471 871 3534 combibit
883 3471 979 3538 AEson

76 3569 138 3632 Aut
151 3591 204 3632 ore
220 3584 370 3652 acceptos,
385 3586 436 3634 aut
449 3573 570 3636 vulnere
583 3596 592 3654 3
615 3574 709 3640 barba
721 3597 878 3664 comaque

74 3673 190 3736 Canitie
199 3674 299 3758 posita
312 3677 431 3763 nigrum
444 3682 578 3770 rapuere
593 3685 745 3754 ociorem.
