2264 4042
387 472 761 550 HEROIDES·

507 712 640 727 μ

434 885 655 949 EPISTOLA
676 883 702 947 Ι.

342 1136 346 1141 .
420 1075 590 1116 rnssuoru
614 1057 735 1117 unussr.

79 1194 175 1262 Hanc
191 1212 241 1260 tua
256 1197 409 1284 Penelope
419 1201 498 1264 leuto
512 1203 564 1265 tibi
578 1201 675 1277 mittit,
688 1199 809 1282 Ulysse.

26 1364 29 1369 .
120 1303 173 1365 Nil
187 1304 257 1366 mihi
272 1306 416 1368 rescribas
431 1322 462 1368 ut
476 1321 576 1369 tamen
590 1329 597 1368 :
610 1307 676 1389 ipso
690 1305 768 1367 veni.

73 1405 169 1491 Troja
186 1408 269 1492 jacet
283 1409 373 1486 certe,
389 1411 503 1474 Danais
518 1412 609 1473 invisa
628 1410 743 1492 puellis.

117 1511 181 1574 Vix
196 1512 335 1576 Priamus
349 1516 429 1587 tanti,
444 1529 564 1596 totaque
579 1513 683 1597 ija,
699 1511 762 1573 fuit.

76 1613 211 1690 Quando
227 1638 284 1700 ego
297 1639 356 1679 non
371 1619 453 1680 timui
469 1619 600 1702 graviora
615 1616 744 1700 pericula
765 1612 863 1677 veris?
1036 1618 1054 1674 5

120 1721 186 1784 Res
201 1736 246 1785 est
260 1722 372 1785 solliciti
387 1724 474 1806 plena
489 1723 599 1786 timoris
619 1736 712 1784 amor.

74 1836 109 1899 lu
124 1839 153 1887 te
169 1827 316 1910 fingebam
329 1829 470 1890 violentos
484 1829 582 1891 Troas
600 1829 711 1890 ituros:

120 1929 250 1993 Nomine
264 1933 293 1994 in
309 1931 461 1996 Hectoreo
475 1934 582 2017 pallida
597 1954 714 2016 semper
737 1951 828 1995 eram.

76 2033 148 2098 Sive
164 2036 228 2118 quis
243 2037 432 2101 Antilochum
446 2040 584 2101 narrabat
598 2040 635 2099 ab
651 2036 784 2099 Hectore
806 2035 916 2098 victum
925 2056 936 2114 ;

118 2140 292 2205 Antilochus
305 2144 395 2205 nostri
410 2165 500 2206 causa
515 2143 625 2204 timoris
641 2154 722 2204 erat:
1012 2144 1052 2200 10

76 2242 147 2307 Sive
163 2243 365 2310 Menoetiaden
381 2245 459 2310 salsis
473 2247 617 2309 cecidisse
633 2245 687 2307 sub
709 2243 818 2320 armis3

119 2347 245 2412 Flebam
261 2373 401 2414 successu
417 2372 504 2433 posse
520 2371 622 2411 carere
638 2349 731 2411 dolos.

71 2453 222 2537 Sanguine
237 2454 432 2538 Tlepolemus
448 2456 573 2539 Lyciam
588 2453 769 2538 tepefecerat
783 2453 919 2532 hastam3

117 2558 286 2643 Tlepolemi
301 2562 360 2624 leto
375 2582 446 2624 cura
460 2575 567 2624 novata
582 2583 650 2625 mea
664 2575 718 2623 est.

73 2662 227 2748 Denique,
242 2668 373 2751 quisquis
387 2683 449 2731 erat
463 2668 565 2731 castris
575 2667 724 2752 jugulatus
738 2665 869 2742 Achivis,
1010 2668 1049 2726 15

119 2768 267 2852 Frigidius
281 2773 375 2855 glacie
391 2786 494 2855 pectus
509 2773 632 2834 amantis
646 2787 718 2835 erat.

76 2873 139 2938 Sed
155 2875 231 2938 bene
245 2878 391 2940 consuluit
406 2891 487 2940 casto
502 2877 577 2938 deus
592 2898 692 2959 aquus
714 2876 816 2937 amori.

116 2977 212 3042 Versa
227 2983 314 3044 estin
329 2983 460 3044 cinerem
475 2982 582 3062 sospite
596 2980 690 3064 Troja
705 2981 776 3040 viro.

71 3083 205 3166 Argolici
220 3086 337 3149 rediere
352 3085 445 3147 duces
459 3107 466 3144 ε
482 3085 580 3146 altaria
596 3083 729 3147 sumant:

115 3187 239 3252 Ponitur
254 3191 292 3252 ad
307 3191 413 3274 patrios
428 3189 551 3251 barbara
565 3189 664 3271 praeda
679 3188 761 3252 deos.

71 3290 166 3355 Grata
180 3292 275 3357 serunt
291 3294 438 3379 Nymphae
453 3317 506 3379 pro
522 3294 607 3356 salvis
622 3293 699 3356 dona
714 3294 842 3357 maritis:

114 3395 159 3459 llli
175 3399 251 3462 victa
266 3400 324 3462 suis
338 3399 433 3462 Troia
447 3398 504 3462 lata
522 3412 640 3461 canunt.

72 3501 216 3566 Mirantur
226 3504 355 3588 justique
371 3527 466 3583 senes,
482 3506 662 3591 trepidaeque
676 3506 777 3589 puellae
793 3529 801 3569 :

116 3608 270 3676 Narrantis
283 3610 393 3695 conjux
404 3612 513 3695 pendet
528 3613 563 3676 ab
579 3633 631 3676 ore
646 3612 708 3675 viri.
