2264 4042
457 268 572 327 amur.
590 270 639 326 xl.

20 420 26 427 ⁸
64 426 290 512 Irmumeraeque
303 424 422 492 herbaet
445 449 568 512 quarum
584 427 622 490 de
636 426 713 491 lacta
728 447 864 509 soporem

63 533 141 598 Nox
155 534 235 617 legit,
250 548 279 597 et
293 535 401 618 spargit
413 555 467 617 per
481 556 589 617 opacas
602 534 723 595 humida
738 547 838 596 terras.

64 635 172 714 Janua,
189 660 252 721 quae
269 661 352 701 verso
366 639 519 702 stridorem
536 638 654 700 cardine
670 638 784 713 reddat,
971 642 1034 700 245

65 740 158 805 Nulla
173 742 262 805 domo
275 743 357 822 totia3
378 756 480 805 custos
493 743 522 804 in
536 743 634 804 limine
649 742 756 803 nullus.

64 845 107 908 At
120 846 220 909 medio
233 859 314 910 torus
327 861 381 922 est,
397 848 492 908 ebeno
506 847 636 909 sublimis
649 847 678 908 in
693 846 765 924 atra,

64 947 219 1027 Plumeus,
234 951 375 1027 unicolor,
386 952 469 1036 pullo
483 952 626 1014 velamine
640 966 757 1015 tectus:

61 1051 135 1127 Quo
149 1056 238 1117 cubat
251 1056 313 1139 ipse
329 1055 413 1131 deus,
427 1057 566 1119 membris
580 1057 719 1140 languore
735 1058 845 1122 solutis.

64 1157 157 1221 Hunc
171 1160 250 1222 circa
264 1160 382 1243 passim,
396 1161 490 1225 varias
503 1162 643 1225 imitantia
656 1161 775 1239 surmus,
969 1168 1033 1225 250

65 1262 188 1327 Somnia
202 1286 278 1328 vana
287 1265 389 1349 jacent
402 1267 535 1342 totidem,
551 1281 622 1350 quot
635 1267 739 1330 messis
754 1267 865 1343 aristas,

64 1367 145 1432 Silva
159 1370 234 1452 gerit
248 1368 375 1445 frondes,
391 1369 501 1454 ejectas
514 1371 592 1433 littus
606 1392 719 1435 arenas.
764 1382 798 1446 χ’

106 1473 181 1546 Quo
195 1475 281 1538 simtu
295 1476 418 1550 intravit,
432 1477 625 1557 manibusque
641 1478 783 1539 obstantia
798 1478 878 1559 virgo

61 1576 185 1641 Somnia
201 1580 342 1641 dimovit:
363 1580 451 1641 vestis
466 1578 577 1660 [uigore
592 1579 700 1641 reluxit

63 1683 158 1746 Sacra
172 1684 298 1746 domus:
320 1684 461 1764 tardaque
477 1682 551 1744 deus
565 1682 702 1765 gravitate
712 1683 848 1768 jacentes
967 1691 1031 1750 255

61 1786 123 1852 Vix
137 1789 240 1851 oculos
254 1788 356 1850 tollens
368 1809 377 1866 3
399 1788 563 1870 iterumque
578 1788 742 1871 iterumque
756 1790 901 1869 relabens,

60 1891 245 1976 Summaque
259 1893 427 1974 percutiens
440 1893 549 1954 nutanti
564 1907 685 1976 pectora
698 1908 808 1970 mento,

59 1995 204 2060 Excussit
216 1998 335 2060 tandem
350 1997 471 2060 sibiae:
494 1999 651 2080 cubitoque
666 2000 788 2075 levatus,

58 2098 144 2174 Quid
159 2101 254 2163 veniat
269 2099 423 2185 (cognorat
438 2100 530 2184 enim)
548 2102 675 2164 scitatur.
719 2103 761 2166 At
775 2103 821 2166 illa
836 2126 844 2164 z

60 2195 69 2226 ‘
83 2205 206 2282 Somne,
218 2207 311 2295 quieq-
347 2228 422 2281 mm,
437 2206 635 2288 placidissime
651 2207 765 2270 Somne
780 2207 914 2284 deorum,
965 2213 1030 2271 260

58 2309 129 2373 Pax
143 2311 240 2387 animi3
256 2226 346 2394 ὦ
359 2331 432 2372 cura
446 2308 537 2390 fugit3
559 2311 608 2390 qui
623 2311 714 2372 corda
728 2310 838 2374 diurnis

58 2413 155 2479 Fessa
169 2415 334 2478 ministeriis
348 2415 471 2489 miricas,
487 2434 664 2496 reparasque
679 2414 769 2478 labori
781 2437 791 2494 3

59 2520 192 2596 Somnia,
208 2542 272 2604 quae
284 2540 368 2582 veras
383 2534 497 2603 aequent
510 2519 669 2584 imitamine
684 2519 802 2597 formas,

59 2622 213 2688 Herculea
225 2624 375 2687 Trachine
387 2623 469 2709 jube,
483 2625 537 2688 sub
552 2624 678 2708 imagine
693 2626 780 2710 regis,

57 2728 235 2813 Halcyonen
250 2730 366 2806 adeant,
382 2730 595 2813 simulacraque
609 2730 750 2813 naufraga
763 2732 882 2815 fingant.
961 2739 1023 2798 265

55 2834 186 2919 Imperat
198 2836 255 2898 hoc
269 2833 288 2895 J
290 2835 369 2895 uno!
412 2834 574 2917 Postquam
588 2835 726 2897 mandata
740 2837 853 2918 peregit

56 2938 120 3015 Iris,
135 2939 194 3002 abit
207 2961 215 3000 t
237 2960 334 3022 neque
349 2938 427 3000 enim
441 2939 561 3000 ulterius
574 2939 699 3001 tolerare
714 2941 829 3020 vaporis

56 3039 127 3106 Vim
140 3056 264 3127 poterat.
309 3042 445 3123 Labique
459 3054 492 3102 ut
506 3062 640 3102 somnum
655 3041 782 3102 sensitin
797 3055 884 3119 artus,

54 3145 189 3230 Effirgit3
210 3161 244 3217 et,
254 3159 368 3209 remeat
381 3166 434 3228 per
448 3164 521 3226 quos
535 3143 625 3205 modo
638 3157 758 3207 venerat
772 3164 866 3210 arcus.

96 3254 139 3316 At
152 3265 235 3336 pater
250 3273 267 3313 e
281 3250 389 3334 populo
403 3262 536 3312 natorum
547 3247 625 3310 mille
637 3269 754 3310 suorum
954 3258 1019 3322 270

53 3356 176 3422 Excitat
190 3355 340 3430 artificem,
354 3355 609 3436 simulatoremque
624 3353 733 3435 figura,

53 3461 211 3546 Morphea.
256 3459 326 3523 Non
341 3459 388 3520 ilio
398 3459 495 3543 jussos
509 3457 641 3520 solertius
655 3458 727 3521 alter

53 3562 202 3649 Exprimit
215 3564 356 3638 incessus,
370 3563 537 3646 vultumque
552 3582 713 3648 sonumque
727 3563 880 3651 loquenti.

45 3668 155 3752 Adjicit
167 3682 199 3730 at
212 3682 317 3744 restes,
334 3684 365 3730 et
378 3670 606 3739 consuetissima
620 3672 734 3758 cuique

287 3776 327 3834 10
597 3768 606 3783 “’
