2264 4042
78 284 140 343 rao
380 242 756 329 uernuonrrrosrou

75 431 145 494 Non
159 431 283 513 captiva,
298 442 382 512 rogat
394 451 403 505 ;
424 429 555 511 genitrici
569 449 676 509 corpus
690 426 852 507 inemptum

75 534 227 597 Reddite:
250 554 325 595 neve
340 554 411 594 auro
425 532 550 595 redimat
559 531 608 613 jus
621 530 700 591 triste
716 528 851 611 sepulcri,

77 636 140 699 Sed
154 637 301 719 lacrymis.
345 635 446 711 Tunc,
461 636 530 697 cum
545 648 666 717 poterat,
682 633 845 695 redimebat
860 644 891 693 et
906 631 995 694 auro.'

120 739 256 802 Dixerat.
302 740 342 801 At
356 741 481 821 populus
495 739 650 820 lacrymas,
667 736 799 819 quasilla
815 735 945 811 tenebat,

77 843 146 906 Non
161 856 251 904 tenet.
296 843 364 926 lpse
380 844 468 906 etiam
482 842 556 904 flens
570 842 733 923 invitusque
749 839 889 901 sacerdos
981 839 1035 898 470

76 944 204 1008 Praebita
218 948 351 1030 conjecto
365 948 442 1029 rupit
456 946 617 1029 praecordia
632 943 719 1007 serro.

76 1048 139 1124 Illa,
155 1064 364 1131 superterram
379 1048 496 1110 desecto
511 1048 618 1129 poplite
634 1048 744 1121 labens,

76 1150 203 1214 Pertulit
216 1153 373 1236 intrepidos
389 1153 426 1213 ad
442 1149 501 1213 sata
514 1133 669 1212 norissima
683 1150 789 1211 vultus

75 1254 212 1318 Troades
227 1257 387 1338 excipiunt,
400 1254 625 1338 deploratosque
635 1266 791 1316 recensent

76 1356 252 1434 Priamidas,
268 1373 298 1421 et
313 1360 381 1442 quid
397 1358 512 1420 dederit
526 1357 630 1419 domus
644 1377 703 1418 una
717 1356 839 1418 cruoris.
981 1356 1037 1416 475

76 1460 185 1545 Teque
200 1478 329 1545 gemunt,
344 1461 445 1544 vi'rg03
466 1474 565 1543 teque,
580 1482 600 1523 o
611 1461 701 1522 modo
716 1460 797 1541 regia
810 1459 930 1544 conjux,

79 1565 177 1650 Regia
192 1567 270 1629 dicta
284 1588 399 1650 parens,
414 1566 492 1627 Asiae
507 1564 634 1627 florentis
649 1564 745 1646 imago
758 1585 768 1642 ;

54 1727 61 1739 ‚
79 1669 111 1729 N
113 1691 169 1730 une
185 1671 271 1731 etiam
288 1671 393 1750 praedae
408 1671 485 1730 mala
501 1691 581 1731 sors:
604 1689 692 1750 quam
707 1668 799 1730 victor
813 1665 939 1750 Ulysses

78 1769 156 1830 Esse
172 1793 255 1831 suam
270 1772 368 1844 nollet,
383 1771 437 1831 nisi
453 1770 530 1851 quiid
545 1785 643 1831 tamen
659 1769 792 1832 Hectora
803 1784 888 1853 partu
917 1848 919 1857 Ι

78 1871 236 1934 Edideras.
280 1872 443 1932 Dominum
458 1873 540 1932 matri
555 1873 604 1932 vix
619 1873 726 1955 reperit
741 1871 866 1935 Hector.
984 1876 1041 1935 480

78 1972 154 2046 Quae
170 1996 277 2057 corpus
292 1974 449 2056 complexa
464 1975 564 2036 animae
580 1989 640 2037 tam
655 1975 735 2038 sortis
750 1977 847 2052 inane,

78 2075 163 2149 Quas
178 2079 262 2140 toties
276 2079 375 2160 patriae
391 2079 523 2154 dederat,
537 2080 680 2161 natisque,
696 2081 827 2164 viroque,

78 2180 159 2244 Huic
175 2204 291 2265 quoque
307 2183 357 2244 dat
370 2183 536 2264 lacrymas3
558 2184 703 2266 lacrymas
717 2186 746 2245 in
761 2185 880 2246 vulnera
901 2183 1011 2247 sundit:

78 2284 249 2369 Osculaque
266 2309 318 2349 ore
334 2287 412 2368 legit,
428 2304 626 2370 consuetaque
642 2301 763 2371 pectora
777 2289 909 2370 plangit:

78 2388 285 2470 Canitiemque
302 2411 384 2451 suam
400 2406 537 2450 concreto
553 2393 581 2452 in
597 2393 734 2470 sanguine
751 2412 877 2465 verrens,
986 2395 1043 2453 485
1059 2445 1063 2452 .

78 2490 170 2553 Plura
184 2492 314 2575 quidem,
331 2493 383 2551 sed
396 2504 424 2551 ct
439 2492 512 2564 haec,
528 2492 634 2552 laniato
655 2508 775 2574 pectore
791 2493 883 2554 dixit:

80 2594 180 2654 ‘Nata
193 2608 249 2653 tuae
268 2593 351 2675 (quid
367 2593 446 2653 enim
458 2608 590 2672 superest
601 2593 630 2675 ?)
647 2595 729 2655 dolor
744 2597 844 2658 ultime
859 2600 953 2674 matri,

77 2696 167 2770 Nata,
178 2696 282 2778 jaces:
304 2696 448 2776 videoque
464 2708 557 2770 tuum,
572 2717 640 2757 mea
655 2699 784 2772 vulnera,
800 2701 913 2763 vulnus.

79 2797 137 2881 En,
153 2821 191 2859 ne
207 2799 383 2880 perdiderim
397 2819 564 2881 quenquam
580 2801 641 2862 sine
657 2801 739 2862 caede
755 2825 899 2880 meorum,

76 2901 127 2963 Tu
143 2924 259 2985 quoque
274 2904 378 2967 vulnus
393 2905 495 2966 habes.
539 2905 580 2965 At
594 2922 633 2980 te,
649 2908 716 2988 quia
731 2906 861 2984 foemina,
877 2911 962 2973 rebar
985 2915 1044 2975 490

76 3007 107 3068 A
121 3006 198 3070 ferro
211 3023 302 3072 tutam
317 3033 324 3070 ε
347 3010 478 3073 cecidisti
494 3025 523 3072 et
537 3009 657 3072 soemiua
672 3010 759 3072 ferro.

75 3110 195 3194 Totque
211 3125 274 3176 tuos
289 3115 368 3175 idern
384 3113 496 3190 fratres,
512 3129 541 3177 te
557 3115 683 3197 perdidit
697 3117 787 3191 idem,

76 3211 210 3275 Exitium
224 3215 332 3298 Trojae,
348 3219 494 3301 nostrique
509 3222 635 3293 orbator,
650 3220 791 3279 Achilles.

77 3316 118 3378 At
133 3333 287 3400 postquam
304 3318 417 3383 Paridis
432 3323 539 3383 cecidit
554 3321 720 3400 Phoebique
736 3322 843 3403 sagittis
856 3350 865 3404 3

78 3426 98 3457 “
110 3419 200 3481 Nunc
214 3421 325 3494 certe,'’
340 3422 412 3499 dixi,
429 3432 447 3460 “
458 3447 516 3486 nou
532 3438 576 3485 est
590 3423 764 3486 metuendus
778 3427 939 3492 Aelrilles.”
984 3436 1042 3496 495

78 3523 168 3585 Nunc
184 3544 300 3605 quoque
316 3524 356 3584 mi
370 3528 545 3588 metuendus
560 3538 631 3586 erat.
677 3525 759 3590 Ciuis
774 3531 836 3611 ipse
851 3537 955 3616 sepulti

62 3627 101 3690 In
113 3650 213 3712 genus
225 3628 286 3692 lroc
301 3630 401 3694 saevit:
426 3631 540 3695 tinnulo
556 3651 676 3716 quoque
689 3634 835 3696 sensimus
846 3637 990 3701 nostem.
