2264 4042
384 268 759 327 METAMORPHOSEON

304 614 509 660 mossarum
530 617 551 657 A
574 616 722 659 PLUTONE
746 615 861 657 RAPTA·

516 809 546 849 v.
571 791 645 850 341.

136 935 238 999 Prima
253 934 350 999 Ceres
366 958 443 1011 unco
458 936 576 1019 glebam
591 935 714 997 dimovit
728 947 845 996 aratro:

91 1040 195 1104 Prima
210 1042 292 1105 dedit
305 1040 414 1124 fruges,
430 1041 627 1124 alimentaque
643 1040 724 1102 mitia
739 1040 841 1103 torris:
938 1096 941 1101 .
1007 1043 1072 1102 180

89 1145 193 1210 Prima
207 1147 288 1210 dedit
302 1147 394 1230 leges.
441 1146 561 1209 Cereris
577 1166 678 1208 sumus
691 1146 791 1208 omnia
805 1167 921 1207 munus.

91 1251 146 1315 llla
161 1254 297 1316 canenda
311 1253 382 1315 mihi
397 1266 452 1315 est.
497 1250 619 1315 Utinam
634 1250 724 1313 modo
739 1250 839 1313 dicere
854 1271 976 1334 possem

92 1356 235 1421 Carmina
250 1359 339 1441 digna
354 1358 416 1441 deae
431 1359 438 1418 l
462 1357 542 1418 certo
558 1357 616 1418 dea
630 1357 760 1419 carmine
777 1356 864 1438 digna
879 1369 934 1419 est

133 1461 227 1527 Vasta
241 1463 383 1548 giganteis
397 1463 510 1546 ingesta
524 1475 569 1524 est
582 1462 676 1526 insula
690 1461 830 1523 membris
898 1452 906 1467 ⁹

31 1562 41 1573 ’“
90 1566 243 1633 Trinacris
255 1592 264 1649 ;
287 1583 318 1633 et
331 1569 445 1652 magnis
460 1567 625 1654 subjectum
639 1567 764 1654 molibus
779 1581 884 1650 urguet
1005 1568 1070 1628 185

89 1673 240 1737 AEtherias
256 1696 360 1736 ausum
375 1695 494 1757 sperare
509 1672 659 1756 Typhoea
674 1674 770 1736 sedes.

90 1777 201 1841 Nititur
216 1779 264 1840 ille
281 1779 411 1859 quidem,
426 1790 595 1858 pugnatque
609 1797 764 1854 resurgere
779 1799 878 1856 saepe:

91 1882 210 1946 Dextra
225 1881 278 1943 sed
292 1878 426 1943 Ausonio
441 1899 547 1940 manus
561 1891 607 1941 est
620 1875 752 1961 subjecta
766 1876 897 1941 Peloro:

93 1986 196 2063 Lava,
212 1985 369 2070 Pachyno,
384 1983 458 2062 ubi,
477 1982 600 2047 Lilihaeo
615 2005 703 2045 crura
719 1998 912 2067 premuntur:

93 2090 250 2175 Degravat
263 2091 354 2155 AEtna
369 2104 476 2175 caput:
499 2090 552 2152 sub
568 2087 628 2173 quai
641 2089 795 2172 resupinus
810 2111 914 2154 arenas
1005 2096 1070 2157 190

55 2278 58 2283 .
91 2196 222 2284 Ejectat‚
234 2197 444 2280 flammamque
454 2194 516 2259 sero
532 2195 622 2258 vomit
635 2217 688 2258 ore
702 2193 878 2279 Typhoeus.

93 2303 181 2389 Saepe
196 2305 323 2369 remoliri
338 2305 463 2368 luctatur
477 2304 611 2389 pondera
624 2316 720 2379 terrae,

92 2409 282 2493 Oppidaque,
299 2424 329 2471 et
340 2432 462 2491 magnos
478 2410 613 2472 evolvere
625 2425 749 2492 corpore
764 2422 889 2471 montes.
939 2478 943 2486 ,

90 2512 165 2576 Inde
182 2515 279 2575 tremit
292 2514 377 2575 tellus
391 2535 399 2572 ε
421 2525 451 2573 et
461 2534 517 2573 rex
530 2527 619 2594 pavet
633 2514 695 2595 ipse
712 2513 858 2587 silentdm,

90 2616 141 2681 Ne
156 2632 265 2700 pateat,
279 2619 397 2700 latoque
412 2616 507 2678 solum
522 2628 670 2697 retegatur
683 2617 782 2695 hiatu3
1001 2621 1065 2683 195

92 2721 304 2806 Immissusque
320 2722 383 2784 dies
398 2720 576 2804 trepidantes
591 2734 699 2783 terreat
713 2722 843 2785 umbras.

92 2825 181 2890 Hanc
196 2841 332 2890 metuens
346 2827 465 2889 cladem
479 2825 635 2889 tenebrosa
648 2827 721 2892 sede
736 2841 876 2912 tyrannus

91 2931 237 2996 Exierat:
260 2955 406 3018 curruque
423 2947 551 2996 atrorum
564 2946 667 2996 vectus
682 2956 827 3018 equorum

91 3039 234 3102 Ambibat
250 3039 355 3103 Sioulae
372 3055 475 3104 cautus
491 3038 660 3102 fundamina
674 3055 768 3104 terrae.

91 3143 255 3228 Postquam
270 3148 455 3228 exploratum
470 3144 539 3208 satis
554 3159 599 3210 est
613 3146 679 3209 loca
693 3146 771 3208 nulla
786 3146 906 3225 labare3
996 3153 1064 3212 200

91 3249 285 3332 Depositique
301 3264 416 3312 metus:
438 3251 518 3312 videt
531 3251 611 3313 hunc
632 3250 763 3332 Erycina
777 3265 932 3331 vagantem

92 3353 196 3416 Monte
208 3376 261 3417 suo
275 3354 416 3429 residens,
432 3368 591 3438 natumque
608 3354 746 3436 amplexa
760 3354 909 3419 volucrem
923 3382 932 3438 3

93 3459 215 3533 ‘Anna
231 3480 393 3542 manusque
409 3480 493 3535 meae,
508 3480 587 3534 mea,
602 3473 680 3534 nate,
696 3460 853 3542 potentia,’
868 3463 951 3540 dixit,

93 3564 174 3641 ‘llla,
190 3563 294 3647 quibus
309 3585 430 3646 superas
443 3585 556 3639 omnes,
572 3585 647 3646 cape
662 3564 730 3642 tela,
743 3565 872 3650 Cupido,

93 3670 186 3756 Inque
203 3670 250 3733 dei
265 3682 369 3754 pectus
383 3670 496 3733 celeres
508 3668 610 3731 molire
625 3670 751 3755 sagittas,
998 3680 1065 3743 205
