2264 4042
485 256 599 325 mana
618 257 653 310 V.
1015 260 1053 319 01

84 413 221 478 Demetit
237 435 307 477 ense
322 428 429 497 capnt3
453 414 533 497 quod
547 414 676 497 protinus
691 413 793 477 incidit
807 434 884 476 arae:

84 520 186 601 Atque
200 519 240 581 ibi
255 520 406 581 semanimi
420 520 511 582 verba
526 520 710 582 exsecrantia
724 518 822 602 lingua
1015 519 1056 580 00

84 622 199 700 Edidit,
215 637 246 687 et
259 624 372 687 medios
388 625 516 687 animam
531 625 688 708 exspiravit
698 625 728 687 in
738 625 831 708 ignes.

84 718 159 792 Plus
172 743 271 792 tamen
288 731 431 793 exhausto
446 744 597 813 superest:
619 751 748 812 namque
762 732 897 794 omnibus
912 751 1003 793 unum

85 834 264 923 Opprimere
280 850 325 898 est
340 836 464 898 animus.
511 835 673 921 Conjurata
688 836 816 918 undique
831 851 961 920 pugnant

84 940 215 1023 Agmina
228 962 282 1024 pro
289 940 397 1016 causa,
412 942 549 1004 meritum
563 941 751 1024 impugnante
766 941 927 1025 fidemque.

76 1032 156 1108 'Hac
170 1067 225 1129 pro
239 1060 321 1128 parte
337 1060 422 1108 socer
436 1045 626 1130 frustramus,
642 1061 672 1109 et
684 1069 761 1109 nova
775 1049 894 1132 conjux,
1014 1049 1055 1109 95

88 1149 169 1214 Cum
184 1152 335 1234 genitrice,
351 1150 472 1230 favent3
493 1153 662 1236 ululatuque
679 1153 751 1215 atria
766 1154 926 1234 complent.

84 1255 150 1318 Sed
165 1278 253 1319 sonus
269 1279 416 1322 armornm
430 1272 558 1342 superat,
573 1259 756 1341 gemitusque
771 1257 950 1321 cadentlrm:

84 1358 275 1445 Pollutosque
292 1365 384 1426 semel
399 1365 490 1427 multo
504 1363 631 1427 Bellona
644 1363 776 1427 Penates

73 1465 233 1551 Sanguine
247 1467 416 1551 perfundit3
437 1485 634 1553 renovataque
650 1469 753 1551 proelia
766 1469 880 1531 miscet.

126 1570 292 1636 Circueunt
305 1596 397 1636 unum
411 1574 553 1648 Phineus,
569 1586 599 1635 et
613 1573 691 1634 mille
707 1572 800 1635 secuti
998 1577 1057 1634 100

82 1676 210 1743 Phinea.
257 1678 335 1740 Tela
349 1678 447 1740 volant
460 1676 582 1741 hiberna
596 1677 736 1760 grandine
751 1678 835 1761 plura

82 1782 196 1847 Praeter
211 1797 367 1869 utrumque
381 1783 466 1859 latus,
482 1796 646 1866 praeterque
661 1796 691 1852 et
705 1784 804 1846 lumen
820 1797 850 1847 et
865 1805 961 1848 aures.

82 1890 224 1974 Applicat
237 1890 306 1952 hinc
320 1890 460 1953 humeros
476 1888 513 1952 ad
529 1910 642 1972 magna
660 1911 733 1952 saxa
747 1891 890 1954 colnmnae
904 1913 912 1952 τ

80 1993 222 2078 Tutaque
238 2008 319 2078 terga
334 2017 450 2078 gerens,
466 1995 648 2078 adversaque
663 1996 692 2058 in
708 1997 824 2077 agmina
834 2017 945 2071 versis,

83 2098 216 2162 Sustinet
230 2101 377 2164 instantes.
423 2100 573 2164 Instabant
586 2114 669 2184 parte
685 2101 799 2163 sinistra
994 2107 1053 2166 105

80 2202 235 2268 Chaonius
250 2204 397 2290 Molpeus,
413 2205 519 2268 dextri
533 2206 564 2268 N
566 2206 715 2274 abathaeus
729 2206 892 2270 Ethemon.

80 2308 180 2393 Tigris
194 2325 235 2389 ut,
250 2312 355 2374 auditis
369 2310 486 2373 diversa
499 2311 573 2372 valle
589 2311 716 2371 duorum

80 2414 280 2479 Exstimnlata
294 2417 374 2478 lame
388 2414 544 2496 mugitibus
556 2428 763 2491 armentomm‚

78 2519 186 2605 Nescit
199 2522 265 2584 utro
279 2521 375 2605 potius
388 2533 453 2583 ruat
464 2543 473 2599 3
496 2535 527 2582 et
539 2541 625 2582 ruere
642 2521 724 2584 ardet
739 2521 864 2606 utrdque
877 2547 885 2583 r

81 2624 134 2689 Sic
148 2627 254 2691 dubius
269 2626 408 2701 Perseus,
424 2625 529 2689 dextra
542 2625 652 2688 laevane
668 2625 786 2704 leramr,
874 2617 877 2622 ’
992 2637 1051 2694 110

80 2729 204 2817 Molpea
217 2733 330 2818 trajecti
345 2734 490 2795 submovit
503 2733 623 2795 vulnere
639 2733 731 2797 cruris
742 2756 752 2812 ;

80 2834 305 2922 contentusque
319 2836 389 2922 lugd
404 2852 458 2901 est.
504 2836 614 2920 Neque
634 2839 712 2902 enim
738 2839 789 2902 dat
815 2855 932 2926 tempus
955 2841 1050 2907 Ethe-

251 2967 343 3023 mon3

80 3049 145 3114 Sed
160 3048 247 3112 surit:
269 3065 309 3126 et,
324 3051 446 3133 cupiens
457 3050 514 3111 alto
530 3050 601 3112 dare
616 3050 736 3112 vulnera
750 3051 836 3126 collo,

78 3155 152 3220 Non
166 3157 387 3240 circumspectis
402 3168 542 3218 exactum
556 3154 664 3217 viribus
679 3176 780 3217 ensem

78 3258 203 3344 Fregit:
226 3276 256 3323 et
265 3262 400 3324 extrema
415 3281 560 3344 percussae
575 3274 657 3344 parte
672 3262 813 3326 columna
988 3275 1048 3333 115

61 3365 208 3429 .Larnina
222 3366 363 3445 dissiluit3
386 3366 554 3449 dominique
569 3366 598 3428 in
613 3380 727 3448 gutture
742 3369 803 3432 fixa
819 3385 873 3434 est.

80 3472 151 3535 Non
161 3486 259 3535 tamen
275 3471 313 3533 ad
327 3471 418 3534 letum
432 3494 537 3535 causas
552 3470 621 3534 satis
635 3473 683 3536 illa
696 3477 825 3540 valentes

80 3575 175 3661 Plaga
189 3577 280 3641 dedit.
324 3576 491 3661 Trepidum
506 3577 645 3656 Perseus,
661 3594 690 3643 et
703 3582 826 3646 inermia
840 3582 945 3650 frustra

10 3721 16 3731 ·
79 3680 396 3747 Brachiatendentem
410 3681 569 3766 Cyllenide
584 3684 715 3750 confodit
728 3687 831 3770 harpe.

336 3791 356 3851 0
