2264 4042
100 253 141 312 72
385 240 762 298 unctuouruosnou

97 402 156 465 Cui
171 403 251 465 licuit
269 400 320 465 soli
336 422 508 483 superorum
523 414 643 482 tangere
657 419 784 460 mensas.
1023 399 1059 458 26

96 506 254 569 Pleiadum
270 528 349 570 soror
365 520 409 568 est
423 505 546 588 genitrix
560 505 652 565 mihi:
675 503 822 566 maximus
837 500 922 564 Atlas

95 609 153 673 Est
167 633 247 687 avus,
260 611 410 673 aetherium
425 611 473 693 qui
489 609 544 672 lert
559 609 721 671 cervicibus
737 629 847 670 axem:

93 713 207 798 Jupiter
222 717 293 779 alter
309 738 397 779 avus:
420 737 525 778 socero
540 736 656 798 quoque
672 714 778 798 glorior
792 713 851 774 illo.

93 818 147 881 Me
163 835 264 903 gentes
273 835 407 884 metuunt
421 819 577 902 Phrygiae:
600 841 648 882 me
663 819 744 901 regia
759 817 868 880 Cadmi
1020 821 1056 879 30

94 923 158 986 Sub
172 926 292 987 domimi
306 941 371 989 est:
393 926 557 1008 fidibusque
572 925 631 986 mei
646 923 804 986 commissa
818 921 912 984 mariti

92 1026 206 1092 Moenia
220 1052 290 1093 cum
304 1030 418 1113 populis
434 1052 451 1090 a
465 1050 573 1111 meque
588 1030 709 1111 viroque
724 1042 873 1110 reguntur.

90 1131 125 1194 ln
141 1155 346 1218 quamcunque
363 1133 468 1196 domirs
483 1134 602 1196 adverto
617 1135 727 1195 lumina
741 1147 864 1216 partem,

89 1237 243 1303 Irnmensae
259 1254 425 1324 spectantur
440 1261 523 1323 opes.
568 1239 695 1301 Accedit
710 1238 818 1301 eodem

89 1341 189 1426 Digna
204 1345 266 1407 deae
282 1344 383 1408 facies.
429 1345 500 1407 Huc
514 1361 596 1408 natas
611 1344 705 1429 adjice
722 1358 844 1428 septem,
1017 1350 1052 1408 35

89 1446 132 1511 Et
145 1450 266 1512 totidem
275 1450 419 1535 juvenes3
442 1467 471 1515 et
485 1473 556 1514 mox
571 1472 752 1534 generosque
768 1471 927 1534 nurusque.

89 1551 220 1626 Quae'rite
235 1579 323 1633 nunc,
338 1558 446 1621 habeat
461 1579 549 1641 quam
563 1570 660 1619 nostra
675 1556 811 1639 superbia
825 1577 967 1619 causam:
1040 1622 1044 1626 ,

86 1657 198 1721 Nescio
214 1682 330 1743 quoque
347 1663 453 1724 audete
468 1677 561 1725 satam
576 1657 713 1724 Titanida
728 1661 802 1725 Caeo

85 1759 232 1824 Latonam
247 1763 383 1847 praeferre
398 1767 488 1844 mihi;
508 1767 556 1827 cui
571 1766 700 1827 maxima
714 1766 862 1847 quondam

85 1863 235 1947 Exiguam
250 1868 353 1929 sedem
368 1869 500 1955 pariturae
516 1885 594 1933 terra
607 1871 732 1952 negavit.
1011 1881 1049 1939 40

85 1969 154 2032 Nec
169 1973 256 2048 coslo,
270 1995 327 2034 nec
341 1974 442 2055 humo,
457 1997 514 2038 nec
530 1976 611 2059 aquis
627 1976 684 2038 dea
697 1992 794 2040 vestra
808 1994 930 2064 recepta
944 1994 999 2046 est.

22 2137 26 2149 ,
83 2073 181 2138 Exsul
196 2093 258 2140 erat
272 2081 393 2162 mundi3
416 2081 512 2144 donec
527 2082 663 2144 miserata
675 2097 840 2166 vagantem,

84 2179 228 2267 ‘Hospita
242 2198 272 2247 tu
287 2187 370 2250 terris
385 2210 473 2264 errm,
490 2188 566 2272 ego‚’
582 2188 664 2264 dixit,
681 2189 730 2250 ‘in
745 2190 849 2266 undis‚’

80 2286 307 2376 Instabilemque
321 2295 420 2358 locum
435 2293 529 2358 Delos
544 2295 634 2358 dedit.
678 2295 731 2358 illa
746 2296 859 2358 duobus

79 2389 175 2487 Facta
188 2417 313 2477 pareus:
335 2401 409 2462 uteri
424 2422 490 2482 pars
505 2417 550 2465 est
563 2403 627 2464 haec
642 2402 765 2486 septima
780 2401 878 2464 nostri.
1005 2407 1045 2467 45

81 2497 155 2558 Sum
170 2496 241 2559 felix
257 2523 265 2560 :
288 2502 352 2583 quis
366 2504 444 2564 enim
459 2521 547 2585 neget
560 2506 643 2567 hoc?
666 2507 795 2590 felixque
810 2507 945 2570 manebo.

79 2598 149 2662 Hoc
165 2622 282 2684 quoque
298 2606 361 2686 quis
377 2606 509 2693 dubitet?
532 2621 626 2670 tutum
640 2631 689 2671 me
705 2611 790 2692 copia
805 2611 884 2673 lecit.

78 2703 175 2788 Major
190 2729 265 2782 sum,
280 2710 369 2790 qudm
381 2712 428 2773 cui
443 2712 532 2794 possit
547 2712 678 2775 Fortuna
693 2737 811 2778 nocere.

76 2808 230 2892 Multaque
245 2826 277 2874 ut
292 2815 412 2898 eripiat3
433 2817 525 2880 multi)
539 2818 609 2880 mihi
624 2819 708 2902 plura
721 2821 872 2904 relinquet.

76 2912 246 2978 Excessere
261 2935 371 2982 metum
387 2944 455 2985 mea
464 2923 527 3007 jam
541 2926 629 2993 bona.
674 2924 789 3010 Fingite
805 2929 884 2991 demi
1002 2916 1042 2993 50

75 3017 155 3082 Huic
171 3021 278 3106 aliquid
293 3029 401 3110 populo
416 3043 550 3091 natorum
565 3008 651 3114 posse
667 3054 820 3111 meorum;

73 3125 144 3186 Non
158 3140 257 3191 tamen
272 3133 309 3194 ad
324 3156 480 3209 numerum
494 3136 609 3218 redigar
625 3138 745 3220 spoliata
760 3138 884 3199 duorum

72 3227 212 3293 Latonae:
234 3235 319 3295 turbis
332 3258 390 3319 quo
406 3254 546 3321 quantum
562 3242 647 3303 distat
661 3243 697 3303 ab
713 3240 807 3304 orbi?

71 3332 115 3394 lte
131 3336 230 3412 sacriS,
245 3355 399 3422 properate
411 3345 520 3422 sacris3
542 3345 715 3426 laurumque
731 3347 840 3429 capillis

69 3437 207 3501 Ponite.''
250 3441 432 3527 Deponunt3
454 3448 619 3530 iniectaque
635 3471 719 3512 sacra
733 3453 917 3537 relinquunt:
995 3463 1035 3522 55

68 3543 219 3630 Quodque
231 3547 308 3624 licet,
323 3550 411 3612 tacito
426 3567 598 3616 venerantur
613 3577 762 3620 murmure
777 3582 896 3625 numen.

88 3650 251 3763 Indignata
267 3655 328 3723 dea
343 3671 411 3753 est:
433 3681 614 3749 summoque
627 3662 784 3729 irruemus
796 3664 911 3748 Quadi
