2264 4042
42 200 64 258 4
341 193 719 254 mauoarflossou

43 348 114 414 Sive
129 372 236 419 recens
249 352 345 431 tellus,
360 353 543 440 seductaque
557 375 652 441 nuper
667 355 704 419 ab
719 353 779 419 alto
979 357 1024 419 80

41 456 180 536 AEtbere,
194 459 312 544 cognati
327 460 474 525 retinebat
488 461 602 524 semina
616 461 695 525 coeli.

42 560 145 637 Quam
160 578 240 628 satus
253 564 368 651 Iapeto,
382 566 506 631 mixtam
521 566 684 631 fluvialibus
698 567 795 645 undis,

41 661 186 733 Finxitin
202 671 331 755 effigiem
346 672 552 736 moderantum
566 689 672 739 cuncta
688 675 824 738 deorum.

40 771 200 860 Pronaque
215 776 286 839 clim
301 791 437 863 spectent
451 779 588 843 animalia
602 795 710 844 catera
723 794 856 861 terram;

40 873 211 942 Osbomini
225 879 350 944 sublime
366 882 467 946 dedit:
489 883 660 968 coelumque
674 884 749 947 tueri
946 871 1016 949 '85

38 977 141 1058 Jussit,
156 994 187 1045 et
201 996 317 1048 erectos
333 984 371 1046 ad
386 985 485 1048 sidera
498 986 600 1049 tollere
615 987 722 1049 vultus.

39 1085 102 1164 Sic,
116 1087 208 1151 modo
223 1110 287 1174 qua
302 1088 398 1154 suerat
411 1091 493 1154 rudis
507 1104 538 1155 et
551 1091 613 1154 sine
628 1092 766 1176 imagine,
780 1092 867 1160 tellus

39 1191 138 1259 Induit
150 1195 264 1280 ignotas
277 1196 430 1261 hominum
445 1219 588 1279 conversa
601 1197 723 1282 figuras.

309 1467 464 1522 euawoa
484 1467 593 1514 uuum
614 1469 758 1514 arares.

475 1681 504 1723 v.
521 1664 573 1724 89.

38 1799 144 1872 Aurea
157 1797 252 1883 prima
266 1812 329 1863 sata
343 1812 388 1864 est
402 1813 481 1879 atas,
496 1820 572 1885 qua,
586 1801 704 1866 vindice
718 1802 809 1878 nullo,

40 1901 154 1988 Sponte
169 1903 233 1980 sui,
248 1903 311 1967 sine
326 1903 404 1989 lege,
419 1903 512 1970 fidem
526 1918 699 1991 rectumque
714 1904 843 1970 colebat.
973 1896 1017 1968 90

37 2006 137 2074 Poena
149 2022 305 2094 metusque
321 2011 463 2076 aberant:
483 2032 541 2076 nec
555 2013 648 2076 verba
660 1996 789 2076 minacia
802 2011 865 2077 fixo

39 2114 115 2180 AEre
129 2114 321 2201 legebantur:
342 2138 399 2182 nec
414 2118 541 2204 supplex
556 2119 642 2182 turba
655 2117 798 2183 timebant

39 2221 154 2288 Judicis
167 2244 221 2288 ora
234 2223 295 2288 sui:
321 2223 376 2288 sed
391 2237 474 2288 erant
487 2225 550 2290 sine
559 2224 664 2311 judice
677 2223 743 2288 tuti.

39 2323 184 2390 Nondum
198 2347 276 2390 caesa
289 2326 359 2403 suis,
373 2327 563 2412 peregrinum
576 2340 610 2390 ut
622 2326 732 2391 viseret
745 2324 859 2402 orbem,

38 2429 201 2507 Montibus,
215 2431 246 2494 in
260 2430 386 2515 liquidas
398 2432 487 2515 pinus
502 2431 700 2495 descenderat
709 2430 829 2495 undas:
974 2427 1017 2491 95

40 2534 192 2621 Nullaque
207 2537 356 2614 mortales,
370 2551 477 2621 prater
491 2559 554 2614 sua,
569 2537 666 2601 littora
679 2535 794 2598 norant.

41 2640 186 2707 Nondum
200 2640 364 2726 precipites
378 2642 536 2726 cingebant
549 2641 660 2725 oppida
673 2639 780 2704 fossae:

42 2748 114 2815 Non
126 2751 199 2814 tuba
213 2749 326 2826 directi,
341 2770 400 2813 non
415 2749 480 2813 aris
493 2769 607 2812 cornua
620 2746 703 2825 flexi,

41 2853 112 2920 Non
128 2855 235 2940 galeae,
249 2876 309 2918 non
324 2853 413 2931 ensis,
428 2866 521 2918 erant.
568 2851 640 2918 Sine
655 2852 752 2918 militis
766 2874 823 2918 usu

41 2955 145 3022 Mollia
160 2957 474 3043 securaeperagebant
486 2956 547 3021 otia
560 2971 686 3021 mentes.
959 2958 1019 3018 100

41 3061 111 3151 lpse
122 3085 239 3151 quoque
254 3063 402 3142 immunis,
417 3078 569 3149 rastroque
585 3063 703 3140 intacta,
719 3083 775 3126 nec
790 3061 856 3124 ullis

44 3169 156 3235 Saucia
168 3170 348 3248 vomeribus,
362 3192 416 3255 per
431 3193 464 3234 se
479 3169 570 3234 dabat
582 3169 683 3234 omnia
696 3167 783 3232 tellus
796 3188 806 3228 t

42 3273 242 3361 Contentique
257 3277 340 3354 cibis,
355 3276 435 3341 nullo
450 3288 586 3360 cogente,
602 3273 719 3350 creatis,

40 3384 191 3449 Arbuteos
205 3382 304 3462 fretus,
318 3396 516 3468 montanaque
531 3379 614 3464 baga
626 3378 775 3462 legebant,

44 3485 217 3572 Cornaque,
232 3501 263 3551 et
275 3487 306 3549 in
321 3485 400 3553 duris
415 3484 556 3550 harentia
570 3503 655 3546 mora
667 3479 798 3559 rubetis3
958 3485 1019 3544 105

41 3589 84 3655 Et
98 3612 162 3677 quae
181 3591 355 3655 deciderant
369 3586 471 3676 patuli
482 3586 566 3652 Jovis
580 3586 684 3651 arbore
700 3583 833 3669 glandes.
