2264 4042
122 236 184 299 146
392 218 770 285 uerumoerrroseorv

119 378 188 453 Nec
202 409 255 472 par
270 399 319 451 aut
333 385 439 448 eadem
454 399 604 448 nocturnae
620 383 714 447 forma
728 384 833 447 Dianae

119 493 197 557 Esse
211 507 307 577 potest
321 513 472 576 unquam:
494 512 672 574 semperque
687 491 829 554 hodierna
844 502 998 574 sequente,

118 597 151 662 Si
166 598 282 675 crescit,
298 598 392 659 minor
406 612 473 676 est;
487 597 591 682 major,
606 598 630 660 si
645 596 789 660 contrahit
802 597 918 685 orbem.

159 702 268 777 Quid?
283 725 341 765 non
356 703 384 764 in
400 703 515 786 species
529 703 694 765 succedere
709 716 833 786 quatuor
848 722 958 763 annum
1029 706 1086 765 140

114 808 262 892 Adspicis,
278 808 368 871 etatis
383 823 575 892 peragentem
590 807 749 870 imitamina
770 805 895 870 nostre?

115 912 196 977 Nam
211 928 304 989 tener,
320 928 351 976 et
364 915 486 989 lactens,
499 913 641 997 puerique
656 912 817 975 simillimus
832 933 896 974 aevo

114 1021 194 1081 Vere
209 1040 285 1080 novo
301 1032 356 1080 est.
401 1017 491 1080 Tunc
505 1018 598 1081 herba
611 1018 716 1093 nitens,
732 1031 761 1080 et
774 1016 886 1080 roboris
900 1037 1011 1100 expers

111 1123 237 1207 Turget,
248 1137 280 1186 et
293 1122 416 1185 insolida
432 1137 485 1198 est,
500 1137 530 1184 et
545 1144 597 1205 spe
614 1123 743 1184 delectat
757 1135 915 1205 agrestem.

113 1228 224 1291 Omnia
238 1243 300 1290 tum
315 1227 441 1307 florent3
455 1227 619 1311 florumque
636 1228 782 1290 coloribus
801 1227 896 1290 almus
1028 1232 1085 1290 145

111 1333 206 1396 Ridet
220 1354 312 1415 ager:
327 1354 424 1415 neque
440 1333 537 1395 adhuc
551 1333 641 1395 virtus
654 1332 683 1393 in
698 1329 850 1394 frondibus
865 1332 923 1394 ulla
945 1347 1002 1396 est.

110 1436 231 1500 Transit
245 1437 273 1498 in
288 1436 444 1512 AEstatem,
461 1451 526 1519 post
540 1435 612 1512 Ver,
628 1437 772 1499 robustior
787 1437 892 1499 Annus
907 1458 914 1497 :

70 1602 87 1631 0
112 1541 220 1628 Fitque
236 1542 335 1604 valens
345 1541 480 1626 juvenis:
494 1564 591 1624 neque
607 1542 685 1603 enim
708 1541 851 1603 robustior
866 1555 936 1604 aetas

110 1647 190 1725 Ulla,
205 1669 262 1709 nec
274 1632 402 1722 uberior,
418 1669 485 1722 nec,
501 1669 565 1730 quae
581 1646 674 1730 magis
689 1660 800 1721 mstuet,
820 1646 878 1708 ulla
893 1661 947 1708 est
994 1658 997 1663 ’

110 1750 232 1831 Excipit
246 1750 424 1825 Autumnus
440 1752 535 1831 posito
553 1749 667 1812 fervore
677 1751 806 1833 juventae
1026 1757 1085 1814 150

110 1853 254 1927 Maturus,
270 1853 416 1934 mitisque,
432 1853 506 1914 inter
522 1853 725 1936 juvenemque
741 1876 902 1938 senemque

107 1956 273 2041 Temperie
288 1957 413 2031 medius,
429 1958 535 2039 sparsis
550 1979 602 2039 per
617 1973 749 2041 tempora
765 1961 856 2024 cauis.

109 2062 183 2126 Inde
198 2060 294 2124 senilis
311 2059 417 2124 Hiems
432 2062 557 2123 tremulo
573 2063 651 2124 venit
665 2064 782 2126 horrida
797 2088 904 2148 passu3

110 2169 172 2231 Aut
186 2167 306 2251 spoliata
322 2189 399 2242 suos,
416 2181 474 2243 aut,
491 2188 564 2250 quos
579 2168 676 2244 hebet,
694 2169 759 2230 albe
781 2171 910 2252 capillos

110 2274 219 2337 Nostra
236 2295 352 2356 quoque
367 2273 497 2356 ipsorum
513 2294 641 2356 semper,
651 2275 810 2357 requieque
822 2275 883 2337 sine
905 2276 974 2351 ullri,
1022 2282 1081 2338 155

111 2378 246 2462 Corpora
258 2393 406 2440 vertuntur
420 2401 427 2438 τ
442 2401 509 2452 nec,
525 2381 602 2462 quod
616 2378 769 2454 fuimusve,
785 2401 932 2456 sumusve,

109 2482 187 2546 Cras
203 2482 320 2544 erimus.
365 2481 465 2543 Jaeuit
478 2482 573 2563 primb
589 2485 650 2544 sine
665 2485 771 2546 viribus
786 2483 900 2546 iulans:

109 2587 185 2649 Mox
201 2586 377 2668 quadrupeS,
393 2584 507 2666 rituque
522 2586 585 2645 tulit
609 2609 661 2647 sua
676 2590 808 2650 membra
824 2588 974 2652 serarum:

109 2688 314 2769 Paulatimque
329 2702 468 2762 tremens,
484 2701 514 2748 et
527 2689 656 2750 nondum
673 2692 781 2774 poplite
803 2695 888 2757 firmo

111 2792 259 2868 Constitit,
277 2791 381 2876 adjutis
397 2792 493 2874 aliquo
509 2795 662 2857 conamine
693 2797 781 2860 ervis.
1021 2806 1078 2864 160

108 2899 184 2962 Inde
198 2898 299 2960 valeus
314 2898 460 2979 veloxque
477 2895 530 2958 suit
543 2919 550 2955 τ
565 2900 747 2984 spatiumque
757 2903 884 2987 juvente

106 3004 248 3069 Transit:
263 3019 302 3080 et,
318 3004 445 3066 emensis
460 3003 550 3065 medii
566 3026 684 3088 quoque
697 3011 836 3091 temporis
850 3012 945 3087 annis,
1030 3043 1036 3051 ·

107 3111 231 3175 Labitur
246 3110 376 3172 occiduae
392 3131 446 3192 per
458 3111 514 3172 iter
529 3110 641 3174 declive
664 3129 799 3177 senectae.

109 3216 229 3278 Subruit
243 3216 306 3277 haec
321 3216 372 3276 eevi
388 3216 600 3298 demoliturque
615 3219 716 3300 prioris

106 3318 250 3384 Robora:
266 3318 373 3399 fletque
389 3317 481 3380 Milon
497 3322 602 3396 senior,
617 3322 687 3382 crim
701 3338 813 3404 spectat
827 3327 928 3392 inanes
1017 3334 1073 3393 illd

105 3423 183 3497 Illos,
199 3423 247 3504 qui
263 3421 377 3484 suerunt
391 3423 549 3486 solidorum
563 3425 641 3485 mole
657 3439 785 3490 tororum

106 3526 262 3591 Herculeis
277 3526 395 3602 simileS,
410 3526 515 3589 fluidos
530 3529 662 3611 pendere
677 3531 812 3597 lacertos.

74 3624 75 3627 ¹
89 3632 166 3698 Flet
179 3653 311 3720 quoque,
329 3646 362 3698 ut
373 3632 406 3698 iu
422 3632 547 3719 speculo
560 3655 650 3718 rugas
672 3638 810 3723 adspexit
820 3641 923 3711 aniles,
