2264 4042
347 244 351 252 ,
472 176 640 237 monna

78 335 235 415 Orantem,
251 336 415 423 frustraque
426 340 532 403 iterum
546 338 668 402 transire
683 337 841 414 volentem,

76 444 207 509 Portitor
222 458 366 509 arcuerat.
413 444 539 529 Septem
552 459 652 508 tamen
671 444 720 509 ille
735 443 841 507 diebus

78 550 239 636 Squalidus
252 552 282 614 in
296 550 369 636 ripis,
385 549 507 615 Cereris
527 551 589 614 sine
603 572 739 627 munere,
754 549 840 613 sedit.

77 655 173 735 Cura,
189 657 332 741 dolorque
347 657 446 733 animi,
460 657 658 740 lacrymaeque
674 655 812 719 alimenta
825 651 924 721 fuere..
1013 657 1055 717 75

76 759 156 824 Esse
172 762 246 826 deos
260 761 355 837 Erebi
369 761 507 826 crudeles
522 774 652 845 questus,
667 760 698 823 in
712 760 801 825 altam

75 865 118 931 Se
132 868 239 954 recipit
252 867 435 953 Rhodopen,
449 867 626 952 pulsumque
641 865 835 951 Aquilonibus
850 863 990 931 Hemon.
1010 902 1014 907 -

257 1268 468 1312 nunctnunus
492 1268 527 1311 tn
550 1268 682 1312 rhosan
704 1266 866 1311 MUTATUS·

500 1501 531 1542 v.
559 1450 636 1543 16ss

115 1626 165 1690 Te
182 1647 312 1712 quoque,
327 1626 497 1712 Amyclide,
512 1627 657 1711 posuisset
676 1627 707 1690 in
721 1627 830 1692 ethere
844 1625 988 1704 Phoehus,

75 1731 185 1797 Tristia
200 1734 225 1797 si
239 1734 365 1818 spatium
378 1733 509 1817 ponendi
520 1731 548 1800 F
549 1747 598 1797 ata
612 1733 772 1797 dedissent.

76 1838 149 1914 Qua
161 1840 240 1916 licet,
256 1856 382 1902 aeternus
395 1854 497 1902 tamen
511 1861 566 1903 es:
588 1840 761 1925 quotiesque
774 1840 889 1926 repellit
1011 1843 1053 1902 80

76 1942 140 2007 Ver
153 1946 295 2022 hiemem,
310 1944 451 2029 Piseique
465 1945 553 2008 Aries
568 1947 702 2012 succedit
716 1968 828 2029 aquoso
840 1970 849 2027 3

75 2048 125 2113 Tu
140 2052 227 2115 toties
237 2051 337 2128 oreris,
351 2051 495 2136 viridique
510 2052 540 2114 in
554 2053 667 2135 cespite
681 2073 797 2116 vernas.

115 2155 245 2242 Jamque
259 2156 322 2221 sere
335 2157 455 2220 medius
467 2155 559 2220 Titan
573 2156 716 2219 venientis
730 2170 846 2220 stacte

76 2261 181 2328 Noctis
195 2277 267 2340 erat,
283 2264 435 2347 spatioque
450 2262 514 2346 pari
529 2261 655 2324 distabat
668 2261 815 2345 utrimque
827 2284 837 2341 3

77 2369 212 2455 Corpora
225 2383 308 2432 veste
323 2370 432 2445 levant,
448 2381 478 2430 et
490 2389 583 2431 succo
597 2366 712 2451 pinguis
727 2366 796 2431 olivi
1009 2373 1051 2433 85

77 2476 306 2563 splendescunt,
316 2474 425 2559 latique
439 2474 541 2537 ineunt
554 2474 716 2538 certamina
729 2474 815 2539 disci.

75 2580 179 2656 Quem
193 2582 274 2667 priris
288 2580 383 2644 adrias
397 2580 532 2643 libratum
546 2578 683 2644 Phoehus
696 2580 726 2643 in
741 2602 827 2646 auras

73 2684 166 2765 Misit,
182 2702 212 2751 et
226 2687 374 2773 oppositas
388 2686 503 2773 disjecit
516 2687 650 2772 pondere
664 2687 768 2752 nubes.

73 2792 240 2858 Reciditin
256 2794 381 2857 solidam
394 2793 484 2877 longo
497 2792 565 2876 pdst
577 2807 713 2877 tempore
728 2809 836 2859 terram
956 2802 961 2811 '

73 2898 221 2963 Pondus:
243 2913 273 2963 et
287 2899 420 2963 exhihuit
440 2899 574 2983 junctam
589 2921 660 2963 omn
673 2901 782 2964 viribus
796 2916 900 2964 artem.
1009 2906 1052 2966 90

71 3002 214 3068 Protinus
227 3005 409 3089 imprudens,
422 3016 563 3088 actusque
578 3004 717 3086 cupidine
728 3005 801 3082 ludi,

71 3108 196 3173 Tollere
211 3108 387 3175 Taenarides
399 3110 504 3173 orbem
518 3110 714 3194 properabat:
731 3126 766 3175 at
778 3111 861 3176 illmn

72 3212 161 3279 Dura
174 3237 350 3301 repercusso
364 3215 490 3303 subjecit
503 3215 541 3279 ab
556 3217 625 3279 edre
639 3217 726 3282 tellus

74 3316 110 3383 ln
123 3320 230 3398 vnlnrs,
245 3320 427 3404 Hyacinthe,
442 3336 519 3385 tuos.
564 3319 717 3406 Expalluit
731 3325 825 3408 teque,

73 3425 120 3489 Ao
135 3448 221 3511 puer,
232 3428 295 3511 ipse
311 3427 407 3490 deus:
428 3428 632 3513 collapsusque
647 3429 758 3514 excipit
772 3446 869 3496 anus:
1010 3438 1050 3496 95

76 3527 118 3593 Et
132 3517 224 3594 modo
238 3545 267 3595 te
282 3530 414 3595 refovete
436 3533 528 3597 modo
541 3533 632 3599 tristia
644 3535 770 3601 vulnera
782 3537 901 3603 siccat:

62 3632 157 3698 Nunc
171 3638 302 3702 annnam
317 3639 449 3709 admotis
462 3640 635 3731 fugientem
649 3647 782 3715 sustinet
789 3647 914 3711 herhis.

506 3880 582 3929 ”a
607 3886 652 3927 cn

498 3889 714 3998 mao4
