2264 4042
97 254 159 314 154
523 227 727 298 dracmas.

93 406 191 488 Atque
207 403 308 486 aliquis
322 400 416 486 posita
431 414 570 463 monstrat
584 398 647 461 sera
662 398 760 482 praelia
776 393 901 472 mensi3
971 403 987 414 “

136 508 234 592 Pingit
245 523 274 572 et
289 508 396 589 exiguo
411 505 561 588 Pergama
575 519 637 568 tota
649 525 744 566 mero.

92 613 183 676 ‘Hic
198 614 256 675 ibat
273 613 392 687 Simois,
417 611 465 673 hio
482 627 526 673 est
542 610 643 694 Sigeia
664 610 768 684 tellus3

135 717 197 782 Hic
212 731 331 781 steterat
345 716 456 779 Priami
472 717 552 798 regia
566 716 647 778 celsa
661 714 748 776 senis.

90 823 153 888 Illic
167 824 320 898 AEaoidos‚
336 821 393 883 illic
409 821 547 884 tendebat
560 819 686 903 Ulysses
700 841 707 878 ε

133 927 195 992 Hic
210 928 289 991 lacer
305 927 447 989 admissos
462 925 563 989 terruit
578 923 694 986 Hector
709 922 824 1005 equos.’

91 1033 202 1097 Omnia
216 1053 344 1114 namque
358 1045 408 1092 tuo
423 1030 529 1103 senior,
544 1043 573 1091 te
589 1050 721 1111 quaerere
738 1017 837 1102 misse,

134 1138 289 1201 Retulerat
303 1149 371 1198 nato
385 1134 496 1197 Nestor
510 1155 517 1194 ε
533 1147 562 1194 at
576 1133 624 1194 ille
645 1133 725 1193 milri.

66 1310 70 1320 ,
91 1244 204 1308 Retulit
218 1256 248 1305 et
262 1241 338 1304 serro
353 1239 549 1322 Rhesumque
565 1238 742 1320 Dolonaque
759 1257 862 1310 cresce,

133 1347 234 1431 thue
250 1348 284 1410 sit
299 1347 347 1408 lr'ic
362 1366 465 1407 somno
480 1344 621 1426 proditus,
636 1342 683 1404 ille
700 1340 779 1403 dolo.

90 1453 190 1517 Ausus
205 1474 248 1528 es,
262 1474 281 1514 o
297 1450 418 1515 nimium
432 1448 614 1531 nimiumque
629 1448 717 1510 oblite
731 1461 860 1521 tuorum,

132 1557 265 1621 Thracia
278 1571 421 1620 nocturno
435 1569 555 1639 tangere
571 1567 666 1617 castra
681 1552 770 1629 dolo;

90 1661 210 1745 Totque
225 1663 311 1724 simul
325 1677 455 1725 mactare
469 1663 557 1736 viros,
572 1660 687 1745 adjutus
703 1660 740 1721 ab
761 1678 831 1718 uno.

133 1767 175 1827 At
189 1767 265 1828 bene
280 1779 384 1828 cautus
400 1786 478 1840 eras,
493 1778 523 1826 et
537 1785 653 1825 memor
669 1763 736 1824 ante
751 1762 822 1824 mei.

89 1866 194 1951 Usque
209 1881 288 1929 metu
304 1868 435 1928 micuere
453 1868 553 1946 sinus;
568 1867 638 1928 dum
653 1866 745 1930 victor
768 1866 898 1928 amicum

132 1971 240 2033 Dictus
255 1992 288 2032 es
302 1968 430 2032 Ismariis
443 1969 502 2032 isse
517 1992 571 2054 per
586 1991 692 2052 agmen
705 1971 798 2053 equis.

90 2074 154 2138 Sed
170 2075 239 2137 mihi
254 2075 324 2159 quid
339 2074 459 2159 prodest
473 2076 576 2138 vestris
590 2075 712 2159 disjecta
727 2075 844 2139 lacertis

20 2206 29 2228 ν
132 2178 225 2243 Ilios?
242 2194 281 2256 et,
297 2202 398 2242 murus
413 2181 492 2263 quod
507 2180 560 2243 suit
574 2181 652 2256 antis,
669 2178 789 2242 solum?

76 2284 123 2348 'si
138 2307 255 2362 maneo,
271 2286 364 2369 qualis
377 2285 473 2370 Troji
486 2286 610 2349 durante
630 2286 786 2348 manebam
799 2305 809 2361 ;

130 2389 244 2473 Virque
259 2391 339 2465 mihi,
355 2391 477 2474 dempto
490 2392 548 2452 fine
563 2390 719 2465 carendus,
735 2387 831 2451 abes?

88 2493 195 2557 Diruta
208 2507 276 2556 sunt
290 2494 361 2568 aliia,
377 2495 427 2555 uni
441 2495 512 2555 mihi
528 2495 676 2576 Pergama
691 2508 823 2573 restant3

131 2598 232 2660 Incola
245 2597 360 2680 captivo
376 2618 440 2679 quae
456 2598 530 2658 bove
546 2598 637 2659 victor
649 2612 721 2659 arat.

87 2694 157 2764 lam
180 2721 266 2782 seges
281 2713 326 2762 est
339 2701 388 2762 ubi
403 2699 496 2784 Troja
511 2699 572 2775 suit,
598 2701 821 2784 resecandaque
838 2702 913 2767 falce

132 2804 277 2866 Luxuriat
291 2803 422 2887 Phrygio
438 2807 577 2887 sanguine
592 2807 706 2890 pinguis
717 2808 836 2871 humus.

88 2910 285 2993 Semisepulta
299 2910 393 2973 viriam
407 2912 503 2974 curvis
517 2909 659 2975 feriuntur
674 2915 774 2976 aratris

131 3016 229 3080 Ossa:
243 3017 374 3080 ruinosas
389 3017 497 3081 occulit
511 3018 601 3080 herba
617 3019 730 3082 domos

87 3121 190 3186 Victor
205 3124 296 3201 abes3
311 3145 368 3185 nec
384 3124 458 3186 scire
473 3123 554 3200 mihi,
570 3147 633 3207 quae
650 3147 740 3188 causa
755 3127 900 3203 morandi,

99 3258 102 3265 ·
129 3227 192 3287 Aut
205 3226 234 3286 in
250 3248 308 3308 quo
323 3228 414 3289 lateas
428 3227 542 3290 ferreus
563 3231 645 3304 orbe,
661 3231 739 3290 licet.

87 3327 228 3411 Quisquis
243 3331 281 3390 ad
296 3331 359 3392 lraec
374 3332 458 3394 vertit
472 3334 658 3414 peregrinam
673 3334 767 3394 littora
783 3336 915 3419 puppim,

130 3433 183 3495 Ille
203 3433 274 3494 mihi
289 3435 327 3496 de
342 3449 370 3496 te
387 3437 476 3498 multa
492 3452 610 3520 rogatus
626 3437 694 3499 abit.

88 3537 248 3620 Quamque
263 3537 311 3599 tibi
328 3539 442 3615 reddat,
457 3541 481 3602 si
497 3555 524 3602 te
540 3541 630 3603 modi)
645 3542 748 3607 viderit
763 3522 897 3631 usquam,
1018 3543 1060 3611 55

119 3643 265 3712 lladitur
277 3644 350 3712 lruic
366 3646 464 3734 digitis
479 3647 702 3734 chartanotata
711 3654 801 3714 mers.
