2264 4042
102 248 162 310 155
490 232 494 237 ·
537 219 739 330 impomss.

95 400 161 464 lms
174 421 275 484 egeus,
290 399 464 484 pecorisque
479 398 658 464 Melanthius
673 414 754 464 actor
769 400 888 477 edendi,

139 505 267 569 Ultimus
281 506 428 570 accedunt
440 506 470 568 in
484 519 534 568 tua
548 506 656 568 damna
670 506 775 590 pudor.

95 609 175 674 Tres
190 633 290 674 sumus
305 612 437 674 imbelles
451 633 575 674 numero
591 634 600 691 ;
615 612 676 674 sine
689 611 798 675 viribus
811 632 897 688 uxor,

137 715 320 800 Lu'e'rtesque
337 738 440 794 senex,
454 717 714 801 Telemachusque
726 738 810 800 puer.
862 732 872 745 ·

92 819 144 883 Ille
159 842 213 904 per
227 822 345 884 iusidias
359 823 436 906 pene
452 835 497 885 est
510 822 581 884 mihi
595 843 689 905 nuper
707 822 862 904 ademptus
875 844 885 901 ;

134 924 218 987 Dum
233 942 326 1009 parat,
341 927 435 990 invitis
449 927 595 1003 omnibus,
611 927 653 989 ire
669 924 776 1010 Pylon.

89 1026 133 1092 Di
145 1050 251 1112 precor
265 1031 323 1092 hoc
339 1029 474 1115 jubeant,
489 1046 529 1106 ut,
544 1032 680 1094 euntibus
693 1031 795 1094 ordine
810 1030 886 1109 satis,

121 1133 185 1199 ‚Ille
200 1156 283 1197 meos
296 1135 399 1199 oculos
412 1135 597 1219 comprimat,
611 1135 660 1196 ille
675 1149 751 1198 tuos.

87 1237 158 1302 Hoc
173 1238 282 1303 faciunt
296 1253 452 1324 custosque
465 1238 567 1316 boum,
582 1240 771 1322 longevaque
792 1243 911 1305 nutrix:

129 1342 260 1420 Tertius,
275 1344 432 1407 immunde
448 1367 520 1408 cura
533 1345 628 1407 fidelis
641 1345 730 1407 harae.

88 1448 150 1512 Sed
166 1469 262 1532 neque
279 1448 413 1526 Laertes,
428 1449 524 1532 utqui
539 1450 575 1512 sit
588 1448 694 1511 inutilis
710 1450 808 1526 armis,

129 1551 272 1617 Hostibus
286 1554 316 1615 in
330 1554 436 1616 mediis
450 1575 539 1636 regna
553 1568 653 1616 tenere
673 1553 759 1615 valet.

77 1656 271 1721 ’Telemacho
285 1658 383 1720 veniet
398 1657 489 1742 (vivat
503 1658 608 1743 modo)
624 1653 723 1721 sortior
738 1671 828 1722 aetus:

126 1761 217 1824 Nunc
233 1775 296 1823 eret
310 1763 424 1824 auxiliis
438 1762 487 1823 ille
500 1763 608 1824 tuenda
622 1763 720 1844 putris.

83 1863 152 1928 Nec
167 1865 237 1926 mihi
252 1877 319 1925 sunt
333 1864 408 1927 vires
422 1865 554 1927 inimicos
569 1864 679 1948 pellere
694 1868 788 1930 tectis.

125 1967 176 2030 Tu
191 1968 274 2031 citius
288 1968 397 2044 venias,
412 1983 512 2052 portus
527 1984 557 2032 et
571 1991 621 2032 ara
635 1971 701 2033 tuis.

1030 511 1068 572 9⁰

953 1038 1057 1131 ,ss

81 2070 139 2136 Est
151 2073 212 2149 tibi,
228 2073 331 2157 sitque,
346 2094 461 2156 precor,
476 2087 571 2150 natus,
587 2075 635 2157 qui
661 2075 797 2140 mollibus
812 2080 894 2144 annis
992 2089 1047 2149 105

124 2177 159 2241 ln
173 2179 281 2262 patrias
296 2191 372 2240 artes
387 2179 564 2242 erudiendus
579 2195 651 2242 erat.

80 2281 211 2367 Respice
229 2283 356 2346 Laerten
370 2306 378 2345 ι
392 2297 424 2346 ut
439 2284 503 2368 jam
518 2307 571 2348 sua
585 2286 693 2348 lumina
714 2289 835 2365 condas,

123 2387 302 2450 Extremum
316 2387 366 2451 sati
381 2390 501 2452 sustinet
514 2391 561 2452 ille
574 2391 664 2454 diem.
701 2425 703 2428 >

78 2490 171 2555 Certe
186 2512 252 2574 ego,
269 2513 331 2573 quae
347 2490 470 2568 fueram,
486 2508 515 2554 te
532 2495 712 2573 discedente,
727 2501 834 2581 puella,

121 2594 257 2658 Protinus
268 2608 300 2656 ut
313 2595 428 2670 redeas,
445 2592 520 2657 sacta
534 2598 655 2661 videbor
670 2623 752 2666 anus.

304 2838 306 2844 ,
402 2801 622 2868 EPISTOLA
643 2805 712 2870 Vll.

454 2990 534 3032 nmo
549 2993 660 3035 AENEAE·

74 3134 152 3211 SIC,
168 3135 216 3197 ubi
232 3134 289 3199 fata
305 3152 419 3214 vocant,
435 3139 499 3202 udis
515 3141 645 3225 abjectus
659 3143 689 3204 in
704 3143 810 3220 herbis

113 3240 163 3300 Ad
178 3240 253 3302 vada
268 3239 410 3303 Maeuudri
424 3245 550 3307 concinit
565 3247 646 3309 albus
666 3248 737 3309 olor.

70 3342 102 3406 N
103 3364 148 3418 ec,
165 3345 232 3426 quia
246 3360 275 3407 te
290 3345 389 3406 nostri
403 3369 519 3429 sperem
533 3370 623 3430 prece
640 3373 725 3432 posse
740 3356 864 3434 moveri

25 3464 28 3469 ’
109 3448 272 3531 Alloquor:
288 3450 410 3512 adverso
424 3453 569 3514 movimus
582 3453 635 3515 ista
653 3455 720 3519 deo.

67 3552 176 3618 Certus
190 3574 221 3615 es
236 3552 277 3614 ire
292 3568 400 3630 tamen,
415 3557 610 3640 miseramque
624 3561 788 3646 relinquere
803 3565 904 3632 Dido:

110 3659 207 3742 Atque
221 3657 302 3720 idem
316 3659 394 3721 venti
409 3660 473 3724 vela
488 3661 637 3747 fidemque
652 3666 755 3731 serent.

1014 3575 1032 3634 5
