2264 4042
445 203 631 262 urlsuoun
643 205 677 259 X.

71 361 144 433 lude
158 388 213 450 ego
230 367 312 451 (uam
325 365 416 427 ventis
430 385 547 447 quoque
558 385 624 427 sum
639 362 807 431 crudelibus
821 360 888 445 usa)

114 471 184 534 Vidi
201 471 336 555 precipiti
350 470 472 533 carbasa
484 482 565 531 tenta
574 468 665 532 Noto.
998 469 1039 527 30

72 579 135 640 Aut
148 577 224 638 vidi:
239 589 288 638 aut
301 576 399 651 etiarn,
415 576 485 637 cum
500 595 548 637 me
570 575 675 637 vidisse
691 588 835 658 putarem,

118 679 261 763 Frigidior
275 681 368 764 glacie
384 680 610 764 semauirnisque
625 679 676 742 lui.

73 784 143 849 Neo
158 786 298 868 languere
315 786 365 847 diu
379 786 485 869 patitur
500 785 593 848 dolor.
638 784 764 848 Excitor
777 786 837 863 illo,

117 888 252 965 Excitor,
265 904 295 952 et
310 890 426 952 summit
439 889 561 953 Thesea
575 911 649 953 voce
664 912 750 953 voco.

75 992 165 1067 ‘Quo
180 993 278 1076 sugis?
292 994 300 1023 '
316 995 470 1057 exclamo:
493 995 664 1071 ‘scelerate
679 1010 837 1073 revertere,
852 994 985 1062 Theseu.
998 1001 1039 1061 35

39 1096 42 1105 '
118 1097 222 1163 Flecte
238 1114 330 1166 ratem
345 1123 352 1161 :
367 1122 519 1165 numerum
533 1101 691 1166 nonhabet
703 1102 753 1165 illa
767 1103 874 1165 suum!

74 1207 152 1271 Hac
167 1230 233 1290 ege.
278 1207 370 1280 Quod
385 1209 448 1270 voci
464 1208 576 1281 deerat,
590 1209 730 1292 plangore
741 1207 902 1290 replebam.

119 1311 252 1375 Verbera
266 1335 334 1375 cum
350 1313 445 1375 verbis
461 1314 545 1374 mista
560 1310 643 1373 suere
658 1312 741 1375 meis.

77 1416 111 1480 si
125 1439 183 1479 non
198 1418 323 1492 audires,
339 1430 370 1478 ut
384 1417 486 1478 saltem
502 1437 625 1478 cernere
640 1437 751 1499 posses,

118 1521 239 1584 Jactatae
255 1521 311 1582 late
326 1521 406 1602 signa
422 1521 533 1582 dedere
546 1542 659 1581 manus.

75 1624 274 1706 Candidaque
288 1623 413 1705 imposui
427 1622 519 1703 longe
534 1622 678 1684 velamina
691 1621 788 1704 virgae,

124 1728 245 1789 Scilicet
257 1727 360 1793 oblitos
376 1725 556 1787 admonitura
571 1726 640 1788 mei.

75 1828 204 1914 Jamque
220 1831 311 1893 oeulis
326 1844 441 1912 ereptus
457 1851 521 1891 eras
535 1852 542 1890 :
556 1844 617 1891 turn
634 1830 761 1914 denique
776 1831 854 1894 flevi.

121 1935 309 2018 Torpuerant
323 1935 425 1996 molles
441 1935 506 1997 ante
523 1935 622 1998 dolore
637 1956 730 2017 genae.

78 2039 161 2114 Quid
177 2040 271 2122 potius
286 2038 425 2114 lacerent,
441 2039 528 2121 quam
544 2061 592 2099 me
607 2060 676 2109 mea
689 2040 798 2101 lumina
812 2039 925 2116 flerent,
1001 2048 1042 2104 45

123 2142 283 2225 Postquam
298 2142 444 2204 desierant
458 2142 524 2202 velo
537 2142 638 2202 videre
658 2139 732 2203 tua?

79 2247 142 2310 Aut
156 2268 212 2328 ego
226 2247 337 2307 diffusis
351 2245 444 2306 erravi
460 2244 519 2305 sola
535 2243 656 2325 capillo,

124 2349 229 2423 Qualis
244 2350 279 2410 ab
296 2348 413 2430 Ogygio
428 2346 542 2408 concita
557 2345 680 2407 Baccha
699 2347 778 2409 deo:

81 2456 143 2517 Aut
153 2476 233 2516 mare
250 2451 428 2535 prospiciens
442 2451 470 2511 iu
486 2471 558 2511 saxo
572 2449 675 2533 frigida
689 2452 751 2514 sedi
765 2476 773 2512 :

126 2558 286 2640 Quamque
301 2556 374 2639 lepis
389 2556 485 2627 sech,
500 2568 559 2617 tam
573 2555 645 2638 lapis
659 2556 720 2639 ipsa
740 2557 790 2620 lui.

85 2662 171 2746 Saepe
187 2680 282 2724 torum
297 2675 407 2743 repete,
423 2660 470 2742 qui
482 2681 535 2722 uos
550 2675 705 2743 acceperat
716 2664 835 2741 ambos;

130 2766 192 2828 Sed
207 2788 265 2827 non
280 2778 418 2846 acceptos
432 2764 612 2827 exhibiturus
627 2780 699 2827 erat.

86 2869 128 2931 Et
140 2883 200 2944 tua,
217 2868 275 2950 qud
288 2888 417 2949 possum,
432 2881 537 2949 prote,
553 2869 671 2951 vestigia
686 2885 772 2952 tango
784 2895 793 2949 ;

132 2972 295 3054 Strataque,
312 2992 374 3053 quae
390 2972 528 3033 membris
542 2972 693 3054 intepuere
709 2976 774 3035 tuis.

86 3077 248 3154 Incumb03
263 3076 458 3157 lacrymisque
473 3088 536 3136 toro
551 3088 686 3136 manante
701 3076 835 3157 profusis,

132 3179 335 3253 ‘Pressirnus,’
352 3178 498 3252 exclamo,
514 3183 561 3239 ‘te
577 3179 655 3240 duo:
669 3181 760 3242 redde
780 3182 865 3245 duos.

87 3283 231 3346 Venimus
245 3284 302 3346 huc
318 3283 424 3345 ambo:
440 3303 492 3343 cur
506 3304 563 3343 non
579 3282 754 3348 discedimus
767 3288 879 3351 ambo?

131 3387 263 3461 Perfida,
277 3409 344 3469 pars
358 3387 455 3462 nostri,
471 3387 587 3462 lectule,
602 3388 693 3472 major
708 3392 756 3452 ubi
772 3393 837 3455 est?
850 3394 858 3424 ’

89 3491 171 3565 Quid
185 3489 313 3553 sociam?
328 3490 398 3563 Quo
413 3493 473 3554 sola
488 3491 589 3554 ferar?
604 3491 699 3557 Vacat
712 3495 801 3560 insula
818 3502 916 3565 cultu.v

134 3595 204 3658 Non
218 3596 368 3658 homiuum
382 3595 478 3673 video,
489 3619 547 3660 non
562 3619 618 3681 ego
632 3598 708 3663 facta
725 3603 824 3664 boum.
