2264 4042
115 260 203 321 rra.
409 222 785 308 mrauonruossou
839 264 845 277 ·

115 428 162 507 m,
177 429 239 493 sine
254 450 313 506 mc,
329 450 378 490 me
391 442 499 512 pontus
512 429 612 493 habet
657 426 816 490 Crudelior
826 426 891 511 ipso

111 534 156 598 Sit
169 535 239 597 mihi
255 556 339 597 mens
353 536 468 617 pelago,
484 534 507 596 si
522 535 610 595 vitam
628 532 739 595 ducere
754 532 828 595 nitar

109 637 251 723 Longius,
267 653 297 702 et
309 654 388 702 tanto
403 660 533 723 pugnem
551 658 705 721 superesse
721 637 824 699 dolori.
1020 639 1078 700 34⁰

109 743 171 806 Sed
187 766 284 828 neque
299 746 457 828 pugnabo:
478 765 536 807 nec
554 757 593 819 te,
608 743 785 818 miserande,
799 742 985 826 relinquam:

108 846 151 911 Et
163 850 214 911 tibi
227 872 305 912 nunc
321 851 424 912 saltem
438 850 553 912 veniam
570 870 692 911 comes:
714 848 803 932 inque
818 848 968 931 sepulcro,

110 953 142 1015 si
157 976 216 1016 nou
231 978 313 1031 uma,
328 968 427 1017 tamen
438 955 544 1040 junget
556 976 610 1016 nos
625 955 708 1016 litera
720 976 729 1033 3
752 953 850 1016 sinon

53 1116 56 1121 .
109 1058 234 1122 Ossibus
248 1082 315 1123 ossa
330 1060 413 1136 meis,
430 1073 459 1121 at
472 1080 582 1121 nomen
595 1059 714 1121 nomine
729 1058 870 1141 tangam?

109 1162 202 1227 Plura
215 1165 298 1227 dolor
312 1165 468 1248 prohibct3
489 1164 638 1246 verboque
653 1164 807 1225 intervenit
820 1166 904 1226 omni
1022 1168 1078 1229 345

109 1269 258 1352 Plangor:
281 1283 310 1332 et
325 1270 444 1332 attonito
459 1268 585 1352 gemitus
599 1290 617 1330 e
632 1269 724 1331 corde
739 1269 903 1331 trahuntur.

151 1373 244 1437 Mane
259 1388 339 1438 erat:
361 1374 510 1457 egreditur
523 1374 608 1436 tectis
623 1374 661 1436 ad
676 1374 776 1436 littus:
799 1389 829 1436 et
844 1375 926 1437 illum

108 1479 218 1543 Moesta
232 1481 330 1543 locum
344 1480 459 1565 repetit,
475 1479 513 1541 de
529 1500 588 1563 quo
607 1479 755 1562 spectdrat
768 1493 899 1541 euntem.

108 1585 262 1669 Dumque,
278 1574 430 1648 ‘Moratus
443 1585 504 1664 ibi3
520 1586 529 1616 '
552 1585 693 1669 dumque,
709 1590 717 1621 ‘
731 1582 793 1646 Hic
807 1584 970 1648 retinacula
990 1586 1078 1662 solvit,

108 1688 178 1751 Hoc
192 1691 262 1751 mihi
279 1691 435 1753 discedens
449 1690 531 1751 dedit
544 1690 644 1751 oscula
659 1689 775 1765 littore,’
791 1689 870 1766 dicit,
1019 1694 1079 1753 sto

110 1792 267 1878 [Dumque
281 1807 380 1855 notata
393 1793 486 1854 oculis
501 1793 694 1854 reminiscitur
709 1806 785 1867 acta,
800 1793 986 1881 fretumque]

107 1895 273 1979 Prospicit3
295 1897 324 1957 in
338 1893 458 1978 liquida,
473 1896 565 1979 spatio
580 1896 715 1973 distante,
730 1911 827 1960 tuetur

107 2000 220 2063 Nescio
235 2000 316 2084 quid,
332 2001 413 2083 quasi
428 2022 545 2084 corpus,
561 2000 659 2084 aquit
681 2002 845 2085 primdque,
862 2006 931 2087 quid
946 2006 1020 2069 illud

108 2104 208 2181 Esset,
223 2119 287 2167 erat
301 2105 433 2168 dubium.
478 2105 641 2189 Postquam
655 2106 743 2190 paulo
759 2109 869 2192 appulit
882 2110 987 2188 unda3
1055 2184 1067 2202 ο

108 2210 159 2287 Et,
176 2211 308 2294 quamvis
324 2212 433 2287 aberat,
449 2231 556 2294 corpus
570 2225 669 2275 tamen
684 2233 750 2274 esse
766 2213 917 2295 liquebat;
1019 2219 1079 2278 355

108 2315 171 2389 Qui
186 2315 270 2393 soret,
285 2318 430 2400 ignorans,
446 2317 514 2401 quia
527 2315 696 2400 naufragus,
710 2318 808 2379 omine
824 2332 905 2380 mota
919 2333 974 2396 est,

108 2420 150 2483 Et
174 2435 314 2503 tanquam
339 2423 437 2504 ignoto
461 2423 624 2505 lacrymam
648 2422 741 2499 daret,
769 2422 871 2500 ‘Hen,
896 2425 1008 2502 miser,’
1038 2432 1080 2489 in·

194 2525 265 2608 quit,

109 2626 272 2709 ‘Quisquis
296 2649 338 2702 es,
354 2628 418 2689 etsi
434 2642 553 2710 quaest
578 2629 688 2712 conjux
713 2631 764 2692 tibi
779 2633 807 2693 !’
853 2632 1009 2698 Fluctibus
1032 2655 1080 2698 ac·

193 2744 255 2793 turn

107 2836 157 2900 Fit
170 2837 288 2921 propius
303 2857 420 2921 corpus.
466 2836 558 2910 Quod
574 2860 631 2922 quo
646 2839 740 2924 magis
754 2842 802 2904 illa
816 2857 922 2919 tuetur,

108 2940 178 3005 Hoc
193 2941 298 3019 minus,
314 2957 344 3005 et
358 2942 454 3005 mimis
469 2958 514 3006 cst
528 2966 631 3008 amens
646 2968 710 3008 sua.
755 2946 882 3034 Jamque
898 2951 1067 3035 propinque

107 3048 271 3111 Admotum
285 3062 380 3126 terre,
390 3049 455 3135 jam
471 3049 550 3133 quod
564 3072 747 3134 cognoscere
763 3067 872 3136 posset,
1019 3059 1078 3118 361

108 3152 222 3216 Cernit.
269 3155 344 3219 ¹tlrat
354 3155 475 3239 conjux.
522 3155 596 3218 ‘llle
612 3173 666 3233 est,
679 3158 687 3188 ’
704 3158 874 3219 exclamat:
897 3172 927 3221 et
941 3159 1001 3221 und

107 3257 180 3334 Ora,
195 3281 307 3334 cernas,
322 3273 436 3321 vestem
450 3261 580 3323 lacerat:
601 3261 785 3343 tendensque
800 3276 958 3327 trementes

107 3363 158 3426 Ad
173 3362 279 3446 Ceyca
293 3385 408 3440 manus,
425 3364 506 3442 ‘Sio,
521 3389 540 3428 o
555 3366 706 3429 carissime
721 3365 842 3450 conjux,

108 3468 160 3531 Sic
175 3468 212 3531 ad
228 3489 288 3545 me,
303 3469 479 3546 miserande,
494 3471 573 3533 radis
585 3470 619 3532 ?’
634 3469 682 3532 ait.
728 3469 857 3556 Adjacet
870 3474 956 3537 undis
1015 3478 1078 3538 365

101 3573 200 3640 Facta
213 3595 305 3645 manu
320 3574 434 3641 moles:
457 3595 520 3659 quae
536 3575 645 3663 primas
659 3575 782 3659 aequoris
796 3577 854 3652 iras
