2264 4042
466 112 583 175 LIBER
604 116 649 174 Vl.
715 53 724 78 ‘

73 272 237 338 Mirantem
251 274 379 359 pouisse
391 296 401 354 3
423 274 660 360 irascentemque
675 273 757 360 qudd
771 272 835 337 ausi

74 376 146 444 Hoc
163 396 261 444 essent
276 381 384 465 superi,
401 381 480 464 quod
494 395 607 445 tantum
616 381 690 468 juris
705 381 858 444 haberent.

74 485 158 551 Nam
171 502 257 570 pater
271 487 433 571 Amphion,
449 486 528 551 ferro
541 509 596 572 per
612 502 718 572 pectus
733 487 849 562 adactu,

74 589 208 655 Finierat
222 593 350 656 moriens
365 593 476 676 pariter*
484 615 554 655 curn
569 594 636 656 luce
652 593 795 656 dolorem.
992 592 1052 652 125

117 697 190 760 Heu
205 699 346 781 quantirm
361 700 425 762 haee
441 698 541 762 Niobe
557 698 656 762 Niobe
672 692 797 760 distabat
812 697 848 760 ab
864 696 923 774 illi,
1018 681 1024 693 ⁸

73 802 152 877 Quae
168 802 259 865 modo
276 803 380 867 Latois
390 805 533 888 populum
549 804 737 867 submoverat
748 804 817 878 aris,

73 908 116 972 Et
129 908 262 971 mediam
276 910 383 972 tulerat
398 931 515 993 gressus
530 910 667 994 resupina
681 932 734 994 per
752 911 865 986 urbem,

69 1013 220 1077 Invidiosa
234 1015 312 1094 suis,
336 1031 365 1078 at
378 1038 457 1079 nunc
472 1016 639 1079 miseranda
653 1017 702 1079 vel
716 1016 791 1080 hosti
805 1019 812 1080 !

69 1118 255 1204 Corporibus
269 1121 372 1204 gelidis
386 1122 528 1187 incumbit
540 1146 549 1204 3
572 1138 602 1186 et
616 1124 719 1187 ordine
735 1123 815 1186 nullo
991 1126 1051 1186 130

70 1223 185 1289 Oscula
200 1226 348 1309 dispensat
361 1243 444 1291 natos
460 1250 598 1312 suprema
607 1251 662 1314 per
676 1250 789 1293 omnes.

22 1344 25 1349 '
69 1331 101 1394 A
115 1331 222 1415 quibus
238 1332 276 1394 ad
291 1333 403 1396 coelum
416 1333 534 1398 liventia
547 1335 668 1410 brachia
682 1335 818 1413 tendens,

71 1434 234 1514 ‘Pascere,
250 1439 389 1514 crudelis,
404 1454 514 1515 nostro,
530 1439 657 1514 Latona,
681 1439 805 1518 dolore;

42 1538 45 1545 ’
71 1538 225 1618 Pascere‚'
242 1543 300 1620 ait;
324 1542 477 1625 ‘satiaque
493 1563 562 1605 meo
576 1555 626 1605 tua
640 1556 763 1627 pectora
776 1544 878 1607 luctu:

72 1645 212 1732 [Corque
228 1646 324 1709 serum
340 1647 433 1723 satia‚'
448 1647 542 1709 dixit:
566 1655 639 1732 ‘per
654 1645 758 1712 lunera
772 1647 903 1735 septem]
988 1654 1047 1716 135

69 1749 210 1816 Efferus:
232 1753 367 1833 exsulta3
390 1753 552 1838 victrixque
567 1753 684 1817 inimica
699 1755 856 1840 triumpha.

67 1854 134 1920 Cur
149 1873 251 1922 autem
264 1859 368 1922 victrix
384 1857 397 1921 ?
419 1860 533 1924 misera
549 1860 620 1922 mihi
634 1861 718 1945 plura
734 1876 899 1946 supersunt,

66 1959 171 2043 Quam
186 1963 237 2026 tibi
252 1962 350 2026 felici:
371 1979 437 2048 post
450 1978 493 2027 tot
508 1986 626 2048 quoque
641 1963 745 2028 lunera
759 1966 869 2030 vinco!

46 2066 49 2073 '
109 2067 260 2134 Dixerat:
282 2070 409 2132 insonuit
422 2084 560 2133 contento
574 2093 683 2134 nervus
699 2071 735 2134 ab
751 2092 843 2134 arcu:

68 2173 143 2251 Qui,
157 2187 264 2258 prater
277 2173 398 2238 Nioben
413 2196 514 2251 unam,
529 2176 690 2238 conterruit
703 2196 816 2264 omnes.
986 2181 1047 2242 140

66 2277 120 2344 Illa
130 2280 210 2343 malo
224 2294 270 2342 est
284 2279 395 2342 audax.
442 2277 566 2340 Stabant
580 2299 650 2341 oum
665 2278 794 2376 vestibus
809 2279 877 2347 atris

67 2385 145 2449 Ante
160 2399 240 2449 toros
254 2383 376 2475 fratrum
392 2383 521 2447 demisso
536 2383 617 2447 crine
632 2406 758 2449 sorores.

68 2489 97 2554 Ε
114 2492 220 2575 quibus
234 2512 303 2567 una,
319 2490 437 2553 trahens
451 2490 591 2553 haerentia
605 2491 720 2556 viscere
734 2492 803 2571 tela,

68 2595 209 2687 Imposito
224 2596 313 2673 fratri,
328 2596 503 2660 moribunda
517 2598 662 2682 relanguit
676 2621 739 2663 ore.

65 2701 178 2778 Altera,
191 2686 280 2764 solari
293 2701 432 2765 miseram
446 2717 552 2765 conata
565 2718 728 2788 parentem,
976 2713 1036 2774 145

67 2804 219 2871 Conticuit
233 2805 338 2882 subiti),
354 2807 561 2892 duplicataque
576 2810 698 2875 vulnere
713 2834 795 2877 eaeco
813 2828 868 2878 est.

67 2909 206 2996 [Oraque
215 2932 274 2974 non
288 2912 404 2994 pressit,
419 2911 473 2974 nisi
485 2927 640 2996 postquam
656 2916 771 2998 spiritus
786 2917 876 3004 exit]

67 3013 144 3080 Haec
160 3016 266 3080 frustra
280 3015 396 3101 lugiens
411 3017 586 3097 collabitur;
607 3020 656 3082 illa
670 3023 762 3086 sorori

66 3120 255 3185 Immoritur:
276 3123 347 3185 latet
360 3122 445 3202 haec;
466 3122 546 3184 illam
560 3124 708 3208 trepidare
724 3129 851 3196 videres.

67 3225 191 3310 Sexque
207 3227 283 3290 datis
296 3227 365 3304 leto,
382 3227 556 3312 diversaque
571 3230 693 3295 vulnera
706 3237 810 3318 passis,
985 3246 1046 3311 150

66 3328 178 3395 Ultima
192 3334 341 3397 restabat:
364 3354 453 3416 quam
466 3347 528 3398 toto
542 3357 667 3421 corpore
682 3355 788 3420 mater,

64 3433 144 3499 Totis
158 3453 240 3501 veste
254 3452 368 3522 tegens,
385 3437 514 3518 ‘Unam
530 3442 740 3533 minimamque
755 3449 912 3537 relinque3

70 3537 121 3602 De
132 3543 232 3606 multis
242 3544 396 3610 munnam
408 3548 528 3634 posco,’
542 3551 697 3638 clamavit,
711 3564 720 3596 ‘
735 3572 769 3624 et
779 3560 897 3625 uuam?
