2264 4042
398 676 537 742 LIBER
559 675 646 742 XIII.

102 944 276 990 CERTAMEN
299 947 402 991 lma
423 949 549 992 ΗΔΟΕΜ
570 951 614 994 m·
635 952 780 996 ULYSSEH
800 953 845 997 Μ
867 954 1020 1009 Ionum

513 1058 621 1102 nume.

530 1253 560 1294 v.
580 1238 608 1294 l.

78 1368 252 1435 Consedere
266 1374 377 1438 duces:
399 1389 439 1453 et,
453 1377 531 1460 vulgi
550 1391 643 1442 stante
658 1380 778 1457 corona,

76 1476 178 1560 Surgit
191 1477 230 1541 ed
244 1479 298 1542 hos
308 1480 405 1562 clypei
420 1481 555 1544 dominus
573 1485 771 1566 septemplcis
787 1484 876 1569 Ajax.

73 1579 179 1666 thue
193 1599 257 1645 erat
269 1584 424 1665 Impatiens
442 1585 501 1660 irae,
517 1585 619 1667 Sigeia
632 1600 715 1649 torvo

73 1684 192 1750 Littora
202 1688 341 1771 respexit,
356 1688 540 1772 classemque
554 1691 584 1753 in
598 1691 704 1768 littore,
719 1693 820 1755 vultu:

73 1790 293 1876 Intendensque
307 1814 421 1870 manus,
437 1793 593 1877 ‘Agimus²
607 1796 661 1880 prd
675 1795 809 1881 Jupitcr‚'
823 1798 916 1883 inquit
1027 1806 1046 1862 5

75 1897 173 1959 ‘Ante
189 1911 265 1960 rates
279 1919 421 1978 causam3
443 1913 474 1962 et
487 1921 606 1963 mecum
622 1900 770 1965 confertur
784 1901 927 1988 Ulysses!

72 2000 190 2064 Arnon
205 2001 361 2066 Hectoreis
375 2004 516 2067 dubitavit
529 2007 638 2069 cedere
653 2005 800 2069 flammis:

73 2102 162 2177 Quas
177 2127 232 2189 ego
247 2107 366 2170 sustinui
378 2130 388 2186 ;
410 2129 483 2190 quas
497 2109 553 2170 hic
569 2131 587 2170 a
601 2109 696 2172 classe
710 2108 818 2192 fugavi

72 2207 182 2272 Tutius
196 2225 240 2273 est
253 2212 328 2274 fictis
347 2211 431 2294 igitur
447 2212 626 2276 contendere
641 2213 748 2287 verbis,

74 2312 177 2388 Quam
191 2336 322 2399 pugnare
336 2336 436 2376 manu.
484 2315 547 2376 Sed
561 2335 619 2376 nec
634 2316 704 2376 mihi
719 2315 819 2379 dicere
833 2331 1010 2402 promptum,

74 2419 144 2483 Nec
158 2419 258 2483 facere
274 2436 319 2485 est
332 2423 396 2483 isti:
418 2432 616 2501 quantumque
631 2441 687 2504 ego
706 2419 803 2484 Marte
817 2422 919 2501 feroci,
1009 2429 1043 2491 ll

74 2525 229 2598 Quantum
241 2526 306 2588 acie
321 2525 415 2601 valeo,
429 2538 541 2587 tantum
555 2527 633 2589 valet
647 2527 700 2589 iste
715 2526 874 2611 loquendo.

75 2630 145 2694 Nec
159 2629 351 2693 memoranda
365 2643 463 2693 tamen
477 2631 559 2693 vobis
573 2653 642 2695 mea
662 2630 750 2708 lacta,
766 2632 896 2717 Pelasgi,

75 2734 153 2799 Esse
166 2757 233 2797 reor
247 2757 254 2795 :
276 2734 385 2797 vidistis
399 2735 488 2797 enirn.
535 2735 598 2800 Sua
611 2751 708 2800 narret
721 2735 865 2820 Ulysses:

76 2840 152 2915 Quae
168 2841 230 2903 sine
243 2854 317 2903 teste
332 2840 414 2922 gerit,
430 2860 554 2922 quorum
567 2862 628 2903 nox
642 2842 761 2905 conscia
774 2843 837 2905 sola
850 2857 905 2906 est.
1005 2849 1043 2908 15

119 2944 248 3008 Praemia
261 2964 369 3025 magne
383 2944 442 3026 peti
457 2942 570 3006 fateor:
592 2946 646 3007 sed
661 2946 753 3007 demit
766 2946 909 3009 honorem

74 3049 223 3111 AEmulus.
266 3049 353 3133 Ajaci
368 3069 425 3109 non
441 3061 485 3109 est
498 3048 626 3109 tenuisse
641 3048 810 3130 superbum,

76 3153 122 3218 Sit
135 3155 205 3217 licet
222 3154 280 3216 hoc
294 3153 406 3236 ingens,
422 3151 563 3235 quidquid
578 3152 704 3236 speravit
718 3151 851 3236 Ulysses.

74 3258 134 3322 Iste
148 3259 211 3320 tulit
223 3258 347 3342 pretium
358 3257 420 3342 jam
435 3277 514 3319 nunc
531 3257 696 3320 certaminis
710 3258 816 3343 hujus3

75 3361 146 3437 Quo
158 3363 227 3427 crim
241 3364 334 3426 victus
348 3363 411 3440 erit,
425 3383 544 3425 meeum
559 3362 687 3427 certasse
703 3363 821 3428 seretur.
1001 3375 1044 3435 20

120 3469 218 3551 Atque
230 3489 296 3550 ego,
312 3468 336 3530 si
349 3468 437 3531 virtus
452 3469 481 3530 in
495 3489 544 3530 me
560 3468 723 3534 dubitabilis
738 3486 824 3549 esset,

75 3572 232 3637 Nobilitate
247 3586 351 3655 potens
364 3594 470 3650 essem,
485 3573 650 3639 Telamone
665 3591 800 3641 creatus:

74 3676 189 3744 Moenia
203 3678 252 3762 qui
266 3676 332 3747 sorti
344 3677 476 3763 Trojana
490 3682 544 3744 sub
564 3680 697 3747 Hercule
711 3682 810 3763 cepit:
