<?xml version="1.0" encoding="UTF-8"?>
<!DOCTYPE html PUBLIC "-//W3C//DTD XHTML 1.0 Transitional//EN"
    "http://www.w3.org/TR/xhtml1/DTD/xhtml1-transitional.dtd">
<html xmlns="http://www.w3.org/1999/xhtml" xml:lang="en" lang="en">
 <head>
  <title>
</title>
<meta http-equiv="Content-Type" content="text/html;charset=utf-8" />
  <meta name='ocr-system' content='tesseract 3.04.00' />
  <meta name='ocr-capabilities' content='ocr_page ocr_carea ocr_par ocr_line ocrx_word'/>
</head>
<body>
  <div class='ocr_page' id='page_1' title='image "./excerptaexscrip03ovidgoog_0053.png"; bbox 0 0 2264 4042; ppageno 0'>
   <div class='ocr_carea' id='block_1_1' title="bbox 109 264 782 342">
    <p class='ocr_par' dir='ltr' id='par_1_1' title="bbox 109 227 782 342">
     <span class='ocr_line' id='line_1_1' title="bbox 109 264 782 342; baseline 0 -20"><span class='ocrx_word' id='word_1_1' title='bbox 109 277 151 342; x_wconf 72' lang='lat'>33</span> <span class='ocrx_word' id='word_1_2' title='bbox 403 264 782 338; x_wconf 70' lang='lat' dir='ltr'>unrmoarrtossort</span> 
     </span>
    </p>
   </div>
   <div class='ocr_carea' id='block_1_2' title="bbox 107 424 1089 2380">
    <p class='ocr_par' dir='ltr' id='par_1_2' title="bbox 107 424 1086 721">
     <span class='ocr_line' id='line_1_2' title="bbox 111 424 995 516; baseline -0.009 -19"><span class='ocrx_word' id='word_1_3' title='bbox 111 428 240 516; x_wconf 79' lang='lat' dir='ltr'>Surgere</span> <span class='ocrx_word' id='word_1_4' title='bbox 255 427 338 511; x_wconf 88' lang='lat' dir='ltr'>signa</span> <span class='ocrx_word' id='word_1_5' title='bbox 351 424 464 489; x_wconf 81' lang='lat' dir='ltr'>solent:</span> <span class='ocrx_word' id='word_1_6' title='bbox 485 426 672 510; x_wconf 86' lang='lat' dir='ltr'>primumque</span> <span class='ocrx_word' id='word_1_7' title='bbox 682 425 845 489; x_wconf 70' lang='lat' dir='ltr'>⁴ostendere</span> <span class='ocrx_word' id='word_1_8' title='bbox 858 426 970 489; x_wconf 79' lang='lat' dir='ltr'>vultum</span> <span class='ocrx_word' id='word_1_9' title='bbox 984 449 995 505; x_wconf 82' lang='lat'>3</span> 
     </span>
     <span class='ocr_line' id='line_1_3' title="bbox 109 529 1086 617; baseline -0.007 -16"><span class='ocrx_word' id='word_1_10' title='bbox 109 532 229 601; x_wconf 82' lang='lat' dir='ltr'>Cetera</span> <span class='ocrx_word' id='word_1_11' title='bbox 242 531 403 617; x_wconf 88' lang='lat' dir='ltr'>paulatim:</span> <span class='ocrx_word' id='word_1_12' title='bbox 424 530 601 614; x_wconf 90' lang='lat' dir='ltr'>placidoque</span> <span class='ocrx_word' id='word_1_13' title='bbox 612 529 721 594; x_wconf 90' lang='lat' dir='ltr'>educta</span> <span class='ocrx_word' id='word_1_14' title='bbox 734 544 837 594; x_wconf 87' lang='lat' dir='ltr'>tenore</span> <span class='ocrx_word' id='word_1_15' title='bbox 1045 534 1086 594; x_wconf 89' lang='grc'>00</span> 
     </span>
     <span class='ocr_line' id='line_1_4' title="bbox 107 632 896 721; baseline -0.009 -19"><span class='ocrx_word' id='word_1_16' title='bbox 107 635 189 702; x_wconf 85' lang='lat' dir='ltr'>Tota</span> <span class='ocrx_word' id='word_1_17' title='bbox 202 647 303 721; x_wconf 82' lang='lat' dir='ltr'>patant</span> <span class='ocrx_word' id='word_1_18' title='bbox 315 655 325 714; x_wconf 83' lang='lat'>3</span> <span class='ocrx_word' id='word_1_19' title='bbox 346 632 464 717; x_wconf 88' lang='lat' dir='ltr'>imoque</span> <span class='ocrx_word' id='word_1_20' title='bbox 478 632 613 718; x_wconf 88' lang='lat' dir='ltr'>pedesia</span> <span class='ocrx_word' id='word_1_21' title='bbox 627 633 759 718; x_wconf 79' lang='lat' dir='ltr'>margine</span> <span class='ocrx_word' id='word_1_22' title='bbox 773 647 896 718; x_wconf 91' lang='lat' dir='ltr'>ponunt.</span> 
     </span>
    </p>

    <p class='ocr_par' dir='ltr' id='par_1_3' title="bbox 107 732 966 820">
     <span class='ocr_line' id='line_1_5' title="bbox 107 732 966 820; baseline -0.007 -17"><span class='ocrx_word' id='word_1_23' title='bbox 107 736 244 803; x_wconf 87' lang='lat' dir='ltr'>Territus</span> <span class='ocrx_word' id='word_1_24' title='bbox 257 736 342 800; x_wconf 87' lang='lat' dir='ltr'>hoste</span> <span class='ocrx_word' id='word_1_25' title='bbox 355 755 433 798; x_wconf 88' lang='lat' dir='ltr'>novo</span> <span class='ocrx_word' id='word_1_26' title='bbox 447 732 584 798; x_wconf 78' lang='lat' dir='ltr'><strong>Cadmus</strong></span> <span class='ocrx_word' id='word_1_27' title='bbox 597 755 709 820; x_wconf 89' lang='lat' dir='ltr'>capere</span> <span class='ocrx_word' id='word_1_28' title='bbox 725 757 808 799; x_wconf 87' lang='lat' dir='ltr'>arma</span> <span class='ocrx_word' id='word_1_29' title='bbox 821 735 946 820; x_wconf 89' lang='lat' dir='ltr'>parabat</span> <span class='ocrx_word' id='word_1_30' title='bbox 958 758 966 797; x_wconf 81' lang='lat' dir='ltr'>r</span> 
     </span>
    </p>

    <p class='ocr_par' dir='ltr' id='par_1_4' title="bbox 108 837 955 1021">
     <span class='ocr_line' id='line_1_6' title="bbox 109 837 955 924; baseline -0.006 -18"><span class='ocrx_word' id='word_1_31' title='bbox 109 840 181 907; x_wconf 88' lang='lat' dir='ltr'>‘Ne</span> <span class='ocrx_word' id='word_1_32' title='bbox 195 838 301 924; x_wconf 87' lang='lat' dir='ltr'>cape,&#39;</span> <span class='ocrx_word' id='word_1_33' title='bbox 316 837 355 902; x_wconf 90' lang='lat' dir='ltr'>de</span> <span class='ocrx_word' id='word_1_34' title='bbox 369 837 489 923; x_wconf 90' lang='lat' dir='ltr'>populo,</span> <span class='ocrx_word' id='word_1_35' title='bbox 504 857 594 922; x_wconf 89' lang='lat' dir='ltr'>quern</span> <span class='ocrx_word' id='word_1_36' title='bbox 610 851 690 903; x_wconf 86' lang='lat' dir='ltr'>terra</span> <span class='ocrx_word' id='word_1_37' title='bbox 703 851 865 915; x_wconf 80' lang='lat' dir='ltr'>creaverat,</span> <span class='ocrx_word' id='word_1_38' title='bbox 879 860 955 902; x_wconf 91' lang='lat' dir='ltr'>unus</span> 
     </span>
     <span class='ocr_line' id='line_1_7' title="bbox 108 939 825 1021; baseline -0.007 -12"><span class='ocrx_word' id='word_1_39' title='bbox 108 941 293 1021; x_wconf 82' lang='lat' dir='ltr'>Exclamat3</span> <span class='ocrx_word' id='word_1_40' title='bbox 315 947 392 1003; x_wconf 87' lang='lat' dir='ltr'>‘nec</span> <span class='ocrx_word' id='word_1_41' title='bbox 405 953 436 1003; x_wconf 87' lang='lat' dir='ltr'>te</span> <span class='ocrx_word' id='word_1_42' title='bbox 451 939 582 1004; x_wconf 82' lang='lat' dir='ltr'>citilibus</span> <span class='ocrx_word' id='word_1_43' title='bbox 596 939 694 1005; x_wconf 88' lang='lat' dir='ltr'>insere</span> <span class='ocrx_word' id='word_1_44' title='bbox 709 940 804 1005; x_wconf 91' lang='lat' dir='ltr'>bellis.</span> <span class='ocrx_word' id='word_1_45' title='bbox 816 940 825 972; x_wconf 89' lang='lat'>’</span> 
     </span>
    </p>

    <p class='ocr_par' dir='ltr' id='par_1_5' title="bbox 108 1041 1085 1237">
     <span class='ocr_line' id='line_1_8' title="bbox 108 1041 1085 1134; baseline -0.003 -21"><span class='ocrx_word' id='word_1_46' title='bbox 108 1047 209 1134; x_wconf 83' lang='lat' dir='ltr'>Atque</span> <span class='ocrx_word' id='word_1_47' title='bbox 223 1046 263 1109; x_wconf 83' lang='lat' dir='ltr'>ita</span> <span class='ocrx_word' id='word_1_48' title='bbox 276 1044 428 1128; x_wconf 77' lang='lat' dir='ltr'>terrigenis</span> <span class='ocrx_word' id='word_1_49' title='bbox 442 1042 537 1127; x_wconf 86' lang='lat' dir='ltr'>rigido</span> <span class='ocrx_word' id='word_1_50' title='bbox 551 1043 590 1107; x_wconf 89' lang='lat' dir='ltr'>de</span> <span class='ocrx_word' id='word_1_51' title='bbox 606 1041 741 1109; x_wconf 85' lang='lat' dir='ltr'>fratribus</span> <span class='ocrx_word' id='word_1_52' title='bbox 755 1067 847 1109; x_wconf 89' lang='lat' dir='ltr'>unum</span> <span class='ocrx_word' id='word_1_53' title='bbox 1044 1053 1085 1110; x_wconf 83' lang='grc'>05</span> 
     </span>
     <span class='ocr_line' id='line_1_9' title="bbox 109 1146 868 1237; baseline -0.005 -20"><span class='ocrx_word' id='word_1_54' title='bbox 109 1152 254 1218; x_wconf 81' lang='lat' dir='ltr'>Cominus</span> <span class='ocrx_word' id='word_1_55' title='bbox 269 1170 340 1213; x_wconf 90' lang='lat' dir='ltr'>ense</span> <span class='ocrx_word' id='word_1_56' title='bbox 354 1146 439 1213; x_wconf 80' lang='lat' dir='ltr'>ferit:</span> <span class='ocrx_word' id='word_1_57' title='bbox 456 1147 558 1233; x_wconf 90' lang='lat' dir='ltr'>jaculo</span> <span class='ocrx_word' id='word_1_58' title='bbox 572 1149 652 1212; x_wconf 90' lang='lat' dir='ltr'>cadit</span> <span class='ocrx_word' id='word_1_59' title='bbox 666 1150 782 1214; x_wconf 89' lang='lat' dir='ltr'>eminus</span> <span class='ocrx_word' id='word_1_60' title='bbox 794 1151 868 1237; x_wconf 87' lang='lat' dir='ltr'>ipse.</span> 
     </span>
    </p>

    <p class='ocr_par' dir='ltr' id='par_1_6' title="bbox 110 1250 866 1340">
     <span class='ocr_line' id='line_1_10' title="bbox 110 1250 866 1340; baseline -0.005 -20"><span class='ocrx_word' id='word_1_61' title='bbox 110 1255 173 1320; x_wconf 86' lang='lat' dir='ltr'>Hie</span> <span class='ocrx_word' id='word_1_62' title='bbox 185 1273 314 1340; x_wconf 88' lang='lat' dir='ltr'>quoque,</span> <span class='ocrx_word' id='word_1_63' title='bbox 329 1251 379 1337; x_wconf 93' lang='lat' dir='ltr'>qui</span> <span class='ocrx_word' id='word_1_64' title='bbox 393 1251 451 1317; x_wconf 90' lang='lat' dir='ltr'>leto</span> <span class='ocrx_word' id='word_1_65' title='bbox 467 1250 601 1330; x_wconf 82' lang='lat' dir='ltr'>dederat,</span> <span class='ocrx_word' id='word_1_66' title='bbox 615 1273 675 1315; x_wconf 88' lang='lat' dir='ltr'>non</span> <span class='ocrx_word' id='word_1_67' title='bbox 689 1252 804 1337; x_wconf 83' lang='lat' dir='ltr'>longids</span> <span class='ocrx_word' id='word_1_68' title='bbox 816 1254 866 1316; x_wconf 92' lang='lat' dir='ltr'>illo</span> 
     </span>
    </p>

    <p class='ocr_par' dir='ltr' id='par_1_7' title="bbox 107 1352 888 1547">
     <span class='ocr_line' id='line_1_11' title="bbox 107 1352 888 1439; baseline -0.006 -17"><span class='ocrx_word' id='word_1_69' title='bbox 107 1354 198 1434; x_wconf 86' lang='lat' dir='ltr'>Vivit,</span> <span class='ocrx_word' id='word_1_70' title='bbox 213 1370 244 1421; x_wconf 90' lang='lat' dir='ltr'>et</span> <span class='ocrx_word' id='word_1_71' title='bbox 257 1354 397 1439; x_wconf 77' lang='lat' dir='ltr'>exspirat,</span> <span class='ocrx_word' id='word_1_72' title='bbox 412 1352 504 1418; x_wconf 79' lang='lat' dir='ltr'>modo</span> <span class='ocrx_word' id='word_1_73' title='bbox 519 1375 593 1438; x_wconf 87' lang='lat' dir='ltr'>quas</span> <span class='ocrx_word' id='word_1_74' title='bbox 608 1369 778 1439; x_wconf 88' lang='lat' dir='ltr'>acceperat,</span> <span class='ocrx_word' id='word_1_75' title='bbox 793 1377 888 1420; x_wconf 90' lang='lat' dir='ltr'>auras.</span> 
     </span>
     <span class='ocr_line' id='line_1_12' title="bbox 108 1455 843 1547; baseline -0.007 -18"><span class='ocrx_word' id='word_1_76' title='bbox 108 1459 320 1547; x_wconf 82' lang='lat' dir='ltr'>Exemploque</span> <span class='ocrx_word' id='word_1_77' title='bbox 335 1458 398 1543; x_wconf 88' lang='lat' dir='ltr'>pari</span> <span class='ocrx_word' id='word_1_78' title='bbox 412 1455 480 1522; x_wconf 87' lang='lat' dir='ltr'>lurit</span> <span class='ocrx_word' id='word_1_79' title='bbox 493 1459 588 1523; x_wconf 89' lang='lat' dir='ltr'>omnis</span> <span class='ocrx_word' id='word_1_80' title='bbox 602 1460 707 1523; x_wconf 73' lang='lat' dir='ltr'>turba:</span> <span class='ocrx_word' id='word_1_81' title='bbox 730 1481 843 1546; x_wconf 88' lang='lat' dir='ltr'>suoque</span> 
     </span>
    </p>

    <p class='ocr_par' dir='ltr' id='par_1_8' title="bbox 107 1562 1089 1758">
     <span class='ocr_line' id='line_1_13' title="bbox 107 1562 1089 1650; baseline -0.003 -14"><span class='ocrx_word' id='word_1_82' title='bbox 107 1567 207 1635; x_wconf 86' lang='lat' dir='ltr'>Marte</span> <span class='ocrx_word' id='word_1_83' title='bbox 221 1564 332 1632; x_wconf 91' lang='lat' dir='ltr'>cadunt</span> <span class='ocrx_word' id='word_1_84' title='bbox 344 1562 430 1629; x_wconf 87' lang='lat' dir='ltr'>subiti</span> <span class='ocrx_word' id='word_1_85' title='bbox 443 1585 498 1650; x_wconf 89' lang='lat' dir='ltr'>per</span> <span class='ocrx_word' id='word_1_86' title='bbox 512 1579 615 1630; x_wconf 86' lang='lat' dir='ltr'>mutua</span> <span class='ocrx_word' id='word_1_87' title='bbox 628 1565 750 1631; x_wconf 78' lang='lat' dir='ltr'>urluem</span> <span class='ocrx_word' id='word_1_88' title='bbox 763 1564 877 1631; x_wconf 74' lang='lat' dir='ltr'>francs.</span> <span class='ocrx_word' id='word_1_89' title='bbox 899 1563 907 1579; x_wconf 80' lang='lat'><em>⁰</em></span> <span class='ocrx_word' id='word_1_90' title='bbox 1027 1574 1089 1634; x_wconf 91' lang='grc'>100</span> 
     </span>
     <span class='ocr_line' id='line_1_14' title="bbox 108 1670 831 1758; baseline -0.001 -20"><span class='ocrx_word' id='word_1_91' title='bbox 108 1673 238 1758; x_wconf 85' lang='lat' dir='ltr'>Jamque</span> <span class='ocrx_word' id='word_1_92' title='bbox 252 1670 349 1734; x_wconf 88' lang='lat' dir='ltr'>brevis</span> <span class='ocrx_word' id='word_1_93' title='bbox 364 1670 489 1754; x_wconf 89' lang='lat' dir='ltr'>spatium</span> <span class='ocrx_word' id='word_1_94' title='bbox 504 1672 568 1734; x_wconf 80' lang='lat' dir='ltr'>vitre</span> <span class='ocrx_word' id='word_1_95' title='bbox 583 1672 683 1735; x_wconf 87' lang='lat' dir='ltr'>sortita</span> <span class='ocrx_word' id='word_1_96' title='bbox 690 1673 831 1758; x_wconf 90' lang='lat' dir='ltr'>juventus</span> 
     </span>
    </p>

    <p class='ocr_par' dir='ltr' id='par_1_9' title="bbox 109 1771 915 1859">
     <span class='ocr_line' id='line_1_15' title="bbox 109 1771 915 1859; baseline 0 -19"><span class='ocrx_word' id='word_1_97' title='bbox 109 1774 312 1859; x_wconf 84' lang='lat' dir='ltr'>Sanguineam</span> <span class='ocrx_word' id='word_1_98' title='bbox 325 1771 440 1854; x_wconf 90' lang='lat' dir='ltr'>trepido</span> <span class='ocrx_word' id='word_1_99' title='bbox 453 1772 630 1856; x_wconf 86' lang='lat' dir='ltr'>plangebant</span> <span class='ocrx_word' id='word_1_100' title='bbox 642 1787 765 1858; x_wconf 85' lang='lat' dir='ltr'>pectore</span> <span class='ocrx_word' id='word_1_101' title='bbox 780 1789 915 1855; x_wconf 88' lang='lat' dir='ltr'>matrem,</span> 
     </span>
    </p>

    <p class='ocr_par' dir='ltr' id='par_1_10' title="bbox 109 1874 935 1964">
     <span class='ocr_line' id='line_1_16' title="bbox 109 1874 935 1964; baseline 0.005 -22"><span class='ocrx_word' id='word_1_102' title='bbox 109 1879 252 1964; x_wconf 83' lang='lat' dir='ltr'>Quinque</span> <span class='ocrx_word' id='word_1_103' title='bbox 268 1874 488 1959; x_wconf 80' lang='lat' dir='ltr'>superstitibus:</span> <span class='ocrx_word' id='word_1_104' title='bbox 510 1896 635 1960; x_wconf 88' lang='lat' dir='ltr'>quorum</span> <span class='ocrx_word' id='word_1_105' title='bbox 650 1876 704 1941; x_wconf 83' lang='lat' dir='ltr'>luit</span> <span class='ocrx_word' id='word_1_106' title='bbox 718 1900 792 1943; x_wconf 87' lang='lat' dir='ltr'>unus</span> <span class='ocrx_word' id='word_1_107' title='bbox 806 1878 935 1948; x_wconf 88' lang='lat' dir='ltr'>Echion.</span> 
     </span>
    </p>

    <p class='ocr_par' dir='ltr' id='par_1_11' title="bbox 109 1977 829 2066">
     <span class='ocr_line' id='line_1_17' title="bbox 109 1977 829 2066; baseline -0.001 -18"><span class='ocrx_word' id='word_1_108' title='bbox 109 1981 140 2048; x_wconf 87' lang='lat' dir='ltr'>Is</span> <span class='ocrx_word' id='word_1_109' title='bbox 154 2001 207 2047; x_wconf 88' lang='lat' dir='ltr'>sua</span> <span class='ocrx_word' id='word_1_110' title='bbox 215 1979 292 2066; x_wconf 88' lang='lat' dir='ltr'>jecit</span> <span class='ocrx_word' id='word_1_111' title='bbox 304 1977 396 2054; x_wconf 90' lang='lat' dir='ltr'>humi,</span> <span class='ocrx_word' id='word_1_112' title='bbox 411 1978 523 2042; x_wconf 91' lang='lat' dir='ltr'>monitu</span> <span class='ocrx_word' id='word_1_113' title='bbox 537 1977 711 2059; x_wconf 82' lang='lat' dir='ltr'>Tritonidis,</span> <span class='ocrx_word' id='word_1_114' title='bbox 719 2003 829 2066; x_wconf 82' lang='lat' dir='ltr'>arma3</span> 
     </span>
    </p>

    <p class='ocr_par' dir='ltr' id='par_1_12' title="bbox 110 2079 1087 2276">
     <span class='ocr_line' id='line_1_18' title="bbox 110 2079 1087 2171; baseline 0 -22"><span class='ocrx_word' id='word_1_115' title='bbox 110 2082 324 2166; x_wconf 81' lang='lat' dir='ltr'>Eratemaeque</span> <span class='ocrx_word' id='word_1_116' title='bbox 339 2079 432 2144; x_wconf 88' lang='lat' dir='ltr'>fidem</span> <span class='ocrx_word' id='word_1_117' title='bbox 446 2080 529 2165; x_wconf 89' lang='lat' dir='ltr'>pacis</span> <span class='ocrx_word' id='word_1_118' title='bbox 542 2081 693 2166; x_wconf 92' lang='lat' dir='ltr'>petiitque,</span> <span class='ocrx_word' id='word_1_119' title='bbox 709 2083 860 2171; x_wconf 89' lang='lat' dir='ltr'>deditque.</span> <span class='ocrx_word' id='word_1_120' title='bbox 1026 2097 1087 2156; x_wconf 79' lang='lat'>105</span> 
     </span>
     <span class='ocr_line' id='line_1_19' title="bbox 111 2185 839 2276; baseline -0.001 -21"><span class='ocrx_word' id='word_1_121' title='bbox 111 2187 179 2255; x_wconf 87' lang='lat' dir='ltr'>Hos</span> <span class='ocrx_word' id='word_1_122' title='bbox 193 2187 291 2274; x_wconf 89' lang='lat' dir='ltr'>operis</span> <span class='ocrx_word' id='word_1_123' title='bbox 306 2185 429 2250; x_wconf 88' lang='lat' dir='ltr'>comites</span> <span class='ocrx_word' id='word_1_124' title='bbox 444 2185 545 2250; x_wconf 89' lang='lat' dir='ltr'>habuit</span> <span class='ocrx_word' id='word_1_125' title='bbox 560 2186 698 2253; x_wconf 88' lang='lat' dir='ltr'>Sidonius</span> <span class='ocrx_word' id='word_1_126' title='bbox 708 2189 839 2276; x_wconf 80' lang='lat' dir='ltr'>lospes3</span> 
     </span>
    </p>

    <p class='ocr_par' dir='ltr' id='par_1_13' title="bbox 111 2289 1013 2380">
     <span class='ocr_line' id='line_1_20' title="bbox 111 2289 1013 2380; baseline -0.001 -20"><span class='ocrx_word' id='word_1_127' title='bbox 111 2293 193 2360; x_wconf 79' lang='lat' dir='ltr'>Clam</span> <span class='ocrx_word' id='word_1_128' title='bbox 206 2291 302 2380; x_wconf 88' lang='lat' dir='ltr'>posuit</span> <span class='ocrx_word' id='word_1_129' title='bbox 309 2291 425 2378; x_wconf 88' lang='lat' dir='ltr'>jussam</span> <span class='ocrx_word' id='word_1_130' title='bbox 442 2289 590 2357; x_wconf 73' lang='lat' dir='ltr'>Phoebeis</span> <span class='ocrx_word' id='word_1_131' title='bbox 603 2292 730 2362; x_wconf 83' lang='lat' dir='ltr'>sortibus</span> <span class='ocrx_word' id='word_1_132' title='bbox 743 2295 858 2360; x_wconf 90' lang='lat' dir='ltr'>urbem.</span> <span class='ocrx_word' id='word_1_133' title='bbox 930 2366 932 2370; x_wconf 11' lang='grc' dir='ltr'><em>Α</em></span> <span class='ocrx_word' id='word_1_134' title='bbox 1011 2373 1013 2376; x_wconf 17' lang='lat'>¹</span> 
     </span>
    </p>
   </div>
   <div class='ocr_carea' id='block_1_3' title="bbox 336 2553 868 2608">
    <p class='ocr_par' dir='ltr' id='par_1_14' title="bbox 336 2553 868 2608">
     <span class='ocr_line' id='line_1_21' title="bbox 336 2553 868 2608; baseline 0.019 -13"><span class='ocrx_word' id='word_1_135' title='bbox 336 2553 471 2596; x_wconf 75' lang='lat' dir='ltr'>ACTAEON</span> <span class='ocrx_word' id='word_1_136' title='bbox 494 2556 530 2598; x_wconf 89' lang='lat' dir='ltr'>IN</span> <span class='ocrx_word' id='word_1_137' title='bbox 553 2557 686 2608; x_wconf 66' lang='lat' dir='ltr'>cantura</span> <span class='ocrx_word' id='word_1_138' title='bbox 708 2561 868 2605; x_wconf 77' lang='lat' dir='ltr'><strong>MUTATUS.</strong></span> 
     </span>
    </p>
   </div>
   <div class='ocr_carea' id='block_1_4' title="bbox 532 2783 661 2842">
    <p class='ocr_par' dir='ltr' id='par_1_15' title="bbox 532 2783 661 2842">
     <span class='ocr_line' id='line_1_22' title="bbox 532 2783 661 2842; baseline 0.023 -3"><span class='ocrx_word' id='word_1_139' title='bbox 532 2798 563 2840; x_wconf 87' lang='lat' dir='ltr'>v.</span> <span class='ocrx_word' id='word_1_140' title='bbox 591 2783 661 2842; x_wconf 81' lang='grc'>131.</span> 
     </span>
    </p>
   </div>
   <div class='ocr_carea' id='block_1_5' title="bbox 112 2927 1089 3639">
    <p class='ocr_par' dir='ltr' id='par_1_16' title="bbox 112 2927 938 3022">
     <span class='ocr_line' id='line_1_23' title="bbox 112 2927 938 3022; baseline 0.012 -27"><span class='ocrx_word' id='word_1_141' title='bbox 112 2937 181 3001; x_wconf 86' lang='lat' dir='ltr'>Jam</span> <span class='ocrx_word' id='word_1_142' title='bbox 196 2929 310 2997; x_wconf 85' lang='lat' dir='ltr'>stabant</span> <span class='ocrx_word' id='word_1_143' title='bbox 323 2927 439 2994; x_wconf 81' lang='lat' dir='ltr'>Thebae</span> <span class='ocrx_word' id='word_1_144' title='bbox 454 2953 462 2994; x_wconf 85' lang='lat' dir='ltr'>t</span> <span class='ocrx_word' id='word_1_145' title='bbox 483 2945 601 3017; x_wconf 85' lang='lat' dir='ltr'>poteras</span> <span class='ocrx_word' id='word_1_146' title='bbox 610 2935 685 3022; x_wconf 90' lang='lat' dir='ltr'>jam,</span> <span class='ocrx_word' id='word_1_147' title='bbox 700 2937 829 3017; x_wconf 86' lang='lat' dir='ltr'>Cadme,</span> <span class='ocrx_word' id='word_1_148' title='bbox 845 2941 938 3004; x_wconf 72' lang='lat' dir='ltr'>vidoi</span> 
     </span>
    </p>

    <p class='ocr_par' dir='ltr' id='par_1_17' title="bbox 113 3032 849 3126">
     <span class='ocr_line' id='line_1_24' title="bbox 113 3032 849 3126; baseline 0.003 -22"><span class='ocrx_word' id='word_1_149' title='bbox 113 3035 230 3104; x_wconf 82' lang='lat' dir='ltr'>Exsilio</span> <span class='ocrx_word' id='word_1_150' title='bbox 244 3032 315 3098; x_wconf 85' lang='lat' dir='ltr'>felix</span> <span class='ocrx_word' id='word_1_151' title='bbox 329 3055 337 3096; x_wconf 76' lang='grc' dir='ltr'><strong>ε</strong></span> <span class='ocrx_word' id='word_1_152' title='bbox 359 3034 455 3100; x_wconf 84' lang='lat' dir='ltr'>soceri</span> <span class='ocrx_word' id='word_1_153' title='bbox 469 3035 520 3098; x_wconf 91' lang='lat' dir='ltr'>tibi</span> <span class='ocrx_word' id='word_1_154' title='bbox 535 3035 676 3123; x_wconf 91' lang='lat' dir='ltr'>Marsque</span> <span class='ocrx_word' id='word_1_155' title='bbox 687 3038 849 3126; x_wconf 86' lang='lat' dir='ltr'>Venusque</span> 
     </span>
    </p>

    <p class='ocr_par' dir='ltr' id='par_1_18' title="bbox 112 3137 1089 3330">
     <span class='ocr_line' id='line_1_25' title="bbox 113 3137 1089 3229; baseline 0.006 -22"><span class='ocrx_word' id='word_1_156' title='bbox 113 3139 327 3222; x_wconf 82' lang='lat' dir='ltr'>Contigerant:</span> <span class='ocrx_word' id='word_1_157' title='bbox 349 3138 408 3202; x_wconf 91' lang='lat' dir='ltr'>huc</span> <span class='ocrx_word' id='word_1_158' title='bbox 423 3137 501 3202; x_wconf 91' lang='lat' dir='ltr'>addc</span> <span class='ocrx_word' id='word_1_159' title='bbox 512 3161 605 3224; x_wconf 83' lang='lat' dir='ltr'>genus</span> <span class='ocrx_word' id='word_1_160' title='bbox 620 3142 659 3205; x_wconf 90' lang='lat' dir='ltr'>de</span> <span class='ocrx_word' id='word_1_161' title='bbox 673 3144 798 3229; x_wconf 87' lang='lat' dir='ltr'>conjuge</span> <span class='ocrx_word' id='word_1_162' title='bbox 813 3147 903 3224; x_wconf 71' lang='lat' dir='ltr'>tanti,</span> <span class='ocrx_word' id='word_1_163' title='bbox 1026 3155 1089 3213; x_wconf 93' lang='grc'>110</span> 
     </span>
     <span class='ocr_line' id='line_1_26' title="bbox 112 3242 879 3330; baseline 0.003 -22"><span class='ocrx_word' id='word_1_164' title='bbox 112 3242 176 3309; x_wconf 91' lang='lat' dir='ltr'>Tot</span> <span class='ocrx_word' id='word_1_165' title='bbox 188 3254 283 3316; x_wconf 89' lang='lat' dir='ltr'>natos,</span> <span class='ocrx_word' id='word_1_166' title='bbox 297 3252 451 3325; x_wconf 86' lang='lat' dir='ltr'>natasque,</span> <span class='ocrx_word' id='word_1_167' title='bbox 467 3254 506 3319; x_wconf 87' lang='lat' dir='ltr'>et,</span> <span class='ocrx_word' id='word_1_168' title='bbox 517 3244 639 3328; x_wconf 90' lang='lat' dir='ltr'>pignora</span> <span class='ocrx_word' id='word_1_169' title='bbox 653 3266 732 3322; x_wconf 85' lang='lat' dir='ltr'>cara,</span> <span class='ocrx_word' id='word_1_170' title='bbox 747 3261 879 3330; x_wconf 89' lang='lat' dir='ltr'>nepotes.</span> 
     </span>
    </p>

    <p class='ocr_par' dir='ltr' id='par_1_19' title="bbox 113 3343 1038 3536">
     <span class='ocr_line' id='line_1_27' title="bbox 113 3343 1038 3441; baseline 0.01 -29"><span class='ocrx_word' id='word_1_171' title='bbox 113 3346 181 3415; x_wconf 85' lang='lat' dir='ltr'>Hos</span> <span class='ocrx_word' id='word_1_172' title='bbox 195 3364 313 3430; x_wconf 92' lang='lat' dir='ltr'>quoque</span> <span class='ocrx_word' id='word_1_173' title='bbox 323 3343 388 3429; x_wconf 84' lang='lat' dir='ltr'>jam</span> <span class='ocrx_word' id='word_1_174' title='bbox 397 3344 533 3431; x_wconf 87' lang='lat' dir='ltr'>juvenes.</span> <span class='ocrx_word' id='word_1_175' title='bbox 580 3347 653 3425; x_wconf 91' lang='lat' dir='ltr'>Sed,</span> <span class='ocrx_word' id='word_1_176' title='bbox 668 3349 788 3427; x_wconf 89' lang='lat' dir='ltr'>scilicet,</span> <span class='ocrx_word' id='word_1_177' title='bbox 803 3353 904 3418; x_wconf 88' lang='lat' dir='ltr'>ultima</span> <span class='ocrx_word' id='word_1_178' title='bbox 919 3376 1038 3441; x_wconf 87' lang='lat' dir='ltr'>semper</span> 
     </span>
     <span class='ocr_line' id='line_1_28' title="bbox 114 3447 807 3536; baseline 0.003 -20"><span class='ocrx_word' id='word_1_179' title='bbox 114 3447 331 3536; x_wconf 86' lang='lat' dir='ltr'>Exspectanda</span> <span class='ocrx_word' id='word_1_180' title='bbox 343 3448 406 3512; x_wconf 91' lang='lat' dir='ltr'>dies</span> <span class='ocrx_word' id='word_1_181' title='bbox 420 3450 549 3515; x_wconf 76' lang='lat' dir='ltr'>hominia</span> <span class='ocrx_word' id='word_1_182' title='bbox 571 3451 689 3536; x_wconf 88' lang='lat' dir='ltr'>dicique</span> <span class='ocrx_word' id='word_1_183' title='bbox 703 3452 807 3518; x_wconf 88' lang='lat' dir='ltr'>beatus</span> 
     </span>
    </p>

    <p class='ocr_par' dir='ltr' id='par_1_20' title="bbox 114 3550 861 3639">
     <span class='ocr_line' id='line_1_29' title="bbox 114 3550 861 3639; baseline 0.001 -18"><span class='ocrx_word' id='word_1_184' title='bbox 114 3556 194 3620; x_wconf 88' lang='lat' dir='ltr'>Ante</span> <span class='ocrx_word' id='word_1_185' title='bbox 208 3550 321 3615; x_wconf 89' lang='lat' dir='ltr'>obitum</span> <span class='ocrx_word' id='word_1_186' title='bbox 335 3570 425 3615; x_wconf 88' lang='lat' dir='ltr'>nemo</span> <span class='ocrx_word' id='word_1_187' title='bbox 435 3573 630 3639; x_wconf 89' lang='lat' dir='ltr'>supremaque</span> <span class='ocrx_word' id='word_1_188' title='bbox 645 3551 749 3622; x_wconf 87' lang='lat' dir='ltr'>lunera</span> <span class='ocrx_word' id='word_1_189' title='bbox 762 3557 861 3622; x_wconf 89' lang='lat' dir='ltr'>debet.</span> 
     </span>
    </p>
   </div>
   <div class='ocr_carea' id='block_1_6' title="bbox 158 3657 1087 3745">
    <p class='ocr_par' dir='ltr' id='par_1_21' title="bbox 158 3657 1087 3745">
     <span class='ocr_line' id='line_1_30' title="bbox 158 3657 1087 3745; baseline 0.008 -19"><span class='ocrx_word' id='word_1_190' title='bbox 158 3657 262 3726; x_wconf 85' lang='lat' dir='ltr'>Prima</span> <span class='ocrx_word' id='word_1_191' title='bbox 275 3676 369 3745; x_wconf 87' lang='lat' dir='ltr'>nepos</span> <span class='ocrx_word' id='word_1_192' title='bbox 382 3658 457 3725; x_wconf 89' lang='lat' dir='ltr'>inter</span> <span class='ocrx_word' id='word_1_193' title='bbox 469 3670 512 3725; x_wconf 88' lang='lat' dir='ltr'>tot</span> <span class='ocrx_word' id='word_1_194' title='bbox 530 3679 579 3726; x_wconf 87' lang='lat' dir='ltr'>res</span> <span class='ocrx_word' id='word_1_195' title='bbox 592 3659 652 3739; x_wconf 92' lang='lat' dir='ltr'>tibi,</span> <span class='ocrx_word' id='word_1_196' title='bbox 668 3658 796 3743; x_wconf 84' lang='lat' dir='ltr'>Cadme,</span> <span class='ocrx_word' id='word_1_197' title='bbox 812 3665 958 3732; x_wconf 87' lang='lat' dir='ltr'>secundas</span> <span class='ocrx_word' id='word_1_198' title='bbox 1027 3673 1087 3733; x_wconf 80' lang='lat'>115</span> 
     </span>
    </p>
   </div>
   <div class='ocr_carea' id='block_1_7' title="bbox 0 0 1139 4042">
    <p class='ocr_par' dir='ltr' id='par_1_22' title="bbox 0 0 1139 4042">
     <span class='ocr_line' id='line_1_31' title="bbox 0 0 1139 4042; baseline 0 0"><span class='ocrx_word' id='word_1_199' title='bbox 0 0 1139 4042; x_wconf 95' lang='lat' dir='ltr'> </span> 
     </span>
    </p>
   </div>
  </div>
 </body>
</html>
