2264 4042
453 226 567 285 LIBER
579 227 657 283 xm.
1000 234 1065 325 pl

99 389 285 473 Exspectata
299 388 359 464 diu,
373 385 461 462 nulla,
476 398 526 449 aut
538 383 683 448 contraria
697 382 792 458 classi,

96 492 238 558 Flamina
252 505 334 554 sunt:
357 490 494 573 duraque
504 489 611 574 jubent
629 487 854 570 Agamemnona
869 498 961 549 sortes

95 597 279 660 Immeritam
293 616 373 659 saevae
388 609 487 659 natam
503 606 633 657 mactare
650 591 782 655 Diana..
1005 596 1064 655 185

96 701 238 784 Denegat
251 703 308 764 hoc
323 701 445 784 genitor,
460 699 591 782 divisque
606 698 737 761 irascitur
751 698 839 781 ipsisz

96 808 196 890 Atque
208 807 237 868 in
251 827 321 889 rege
336 820 435 869 tamen
449 818 532 888 pater
544 817 597 867 est.
643 802 711 886 Ego
722 803 791 866 mite
806 803 933 887 parentis

96 909 250 994 Ingenium
264 910 360 973 verbis
375 909 413 972 ad
431 909 547 993 publica
561 907 719 971 commoda
733 907 816 969 verti.

95 1014 187 1079 Nunc
202 1015 342 1098 equidem
357 1013 458 1092 fateor,
474 1016 610 1098 fassoque
624 1014 755 1096 ignoscat
769 1012 909 1093 Atrides3

94 1119 257 1185 Difficilem
267 1119 347 1182 tenui
362 1120 415 1183 sub
431 1120 528 1203 iniquo
538 1120 640 1204 judice
656 1140 786 1181 cansam.
1004 1121 1064 1183 190

95 1222 186 1288 Hunc
201 1238 298 1289 tamen
318 1225 422 1287 utilitas
436 1225 546 1307 populi,
561 1223 725 1307 fratrisque,
741 1223 859 1307 datique

95 1326 222 1391 Summa
234 1343 332 1391 movet
347 1328 463 1412 sceptri,
478 1329 598 1390 laudem
614 1341 645 1390 ut
659 1349 728 1391 cum
744 1327 883 1410 sanguine
897 1340 1011 1412 penset.
1118 1330 1123 1347 ¹

92 1430 194 1495 Mittor
208 1445 239 1495 et
252 1433 290 1495 ad
304 1445 450 1493 matrem:
472 1453 535 1514 quae
551 1453 610 1494 non
625 1432 777 1506 hortanda,
792 1433 846 1494 sed
863 1444 926 1494 astu

91 1534 279 1619 Decipienda
293 1536 356 1601 suit.
400 1535 472 1608 Quo
488 1536 511 1597 si
528 1535 721 1596 Telamonius
734 1534 815 1609 isset,

91 1639 175 1703 Orba
189 1641 248 1702 suis
262 1653 362 1702 essent
376 1624 535 1702 etiamnum
549 1639 638 1700 lintea
652 1638 755 1701 ventis.
1003 1642 1062 1702 195

133 1730 235 1808 Mittor
250 1758 280 1806 et
292 1744 398 1807 Iliacas
414 1744 511 1807 audax
526 1740 625 1806 orator
639 1743 677 1805 ad
693 1765 797 1806 arces:

88 1826 220 1930 Visaque
236 1861 266 1911 et
284 1849 387 1912 intrata
402 1862 447 1911 est
461 1849 524 1911 altae
539 1848 611 1910 mihi
625 1849 707 1911 curia
722 1847 832 1935 Trojae.

86 1950 242 2036 Plenaque
258 1955 353 2016 adhue
369 1968 431 2016 erat
449 1954 498 2016 illa
520 1954 595 2018 viris.
641 1933 792 2018 Interritus
807 1956 864 2040 egi,

57 2138 60 2143 Ι
88 2054 192 2129 Quam
205 2057 275 2119 mihi
290 2058 442 2122 mmdarat
456 2060 621 2122 communis
637 2059 763 2138 Graecia,
778 2081 921 2125 causam:

85 2162 266 2255 dceusoque
286 2163 387 2238 Parin,
402 2164 599 2246 praedamque,
616 2163 824 2250 Helenamque
838 2187 984 2254 reposco:

86 2259 131 2324 Et
144 2268 250 2325 moveo
266 2262 427 2341 Priamum,
443 2263 624 2347 Priamoque
639 2266 790 2329 Antenora
802 2268 947 2352 junctum.
991 2279 1052 2340 201

84 2366 128 2427 At
142 2364 236 2443 Paris,
252 2382 282 2429 et
296 2367 408 2443 fratres,
424 2382 454 2430 et
472 2370 519 2451 qui
534 2369 658 2451 rapuere
674 2372 727 2432 sub
742 2372 800 2448 illo,

84 2466 147 2531 Vix
161 2470 284 2533 tenuere
299 2494 404 2534 manus
421 2471 491 2555 (scis
505 2473 573 2549 hoc,
588 2471 742 2562 Menelai)
758 2477 924 2546 nefandas:

81 2571 243 2656 Primaque
258 2576 309 2637 lux
323 2577 411 2639 nostri
425 2590 524 2639 tecum
539 2577 592 2642 fuit
605 2580 654 2642 illa
667 2582 779 2664 pericli.

125 2677 230 2762 Longa
245 2679 354 2742 referre
369 2696 517 2758 moreest,
532 2705 596 2767 quae
612 2687 790 2772 consilioque
805 2712 953 2780 manuque
985 2703 1048 2764 205

79 2780 197 2847 Utiliter
211 2783 268 2847 seci
283 2786 400 2869 spatiosi
414 2801 547 2872 tempore
562 2791 640 2853 belli.

78 2885 153 2951 Post
168 2889 247 2951 acies
261 2891 379 2973 primae,
395 2892 472 2955 urbis
487 2915 518 2955 se
533 2897 678 2960 moenibus
692 2900 791 2964 hostes

76 2989 259 3055 Continudre
275 2994 344 3072 diu;
366 3017 422 3058 nec
438 2998 528 3080 aperti
544 3001 628 3082 copia
642 3000 746 3066 Martis

74 3092 146 3160 Ulla
161 3096 234 3160 suit:
256 3099 373 3162 decimo
388 3101 508 3162 demum
523 3105 714 3186 pugnavimus
729 3129 815 3171 anno.

75 3200 159 3275 Quid
175 3203 247 3266 facis
261 3205 380 3282 interea,
397 3207 445 3291 qui
460 3207 500 3269 nil
514 3207 566 3270 nisi
581 3211 685 3293 proelia
698 3211 798 3276 ndsti?
975 3228 1039 3290 210

73 3307 151 3382 Quis
165 3322 231 3370 tuus
245 3331 315 3371 usus
329 3311 415 3374 erat?
438 3312 519 3374 Nam
534 3314 558 3375 si
572 3336 640 3377 mea
651 3314 728 3380 sacta
742 3323 873 3406 requiris,

71 3411 214 3476 Hostibus
228 3414 365 3477 insidior:
388 3415 479 3480 fossas
494 3420 652 3482 munimine
667 3423 773 3507 cingo:

71 3513 218 3581 Consolor
232 3519 337 3597 socios,
352 3534 384 3581 ut
401 3520 477 3605 longi
492 3524 578 3587 taedia
591 3526 659 3588 belli

328 3630 363 3686 ll
