2264 4042
457 270 572 329 LIBER
590 270 667 329 XIII.
981 277 1041 336 lat

73 423 214 508 Altaque,
229 443 316 507 posse
332 423 398 507 capi
409 422 556 503 iaciendo,
572 425 721 510 Pergama
735 429 813 510 cepi.

73 527 137 592 Per
152 551 219 612 spes
233 550 311 592 nunc
326 530 430 606 socias,
444 552 607 613 casuraque
621 533 732 595 moenia
744 531 871 607 Troum,
978 532 1041 592 375

73 631 194 715 Perque
210 633 282 696 deos
296 654 359 709 oro,
375 654 448 716 quos
461 635 537 697 hosti
552 655 646 718 nuper
661 635 780 714 ademi:

73 736 146 813 Per,
161 737 265 820 siquid
279 752 421 821 superest,
437 740 517 821 quod
531 739 567 801 sit
580 738 726 821 sapienter
740 740 886 821 agendum
894 761 905 818 3

75 839 190 922 Siquid
205 841 302 903 adhuc
318 842 427 917 audax,
443 863 483 904 ex
496 842 694 925 praecipitique
710 843 869 926 petendum
882 864 892 920 3

75 942 108 1005 Si
123 941 222 1027 Trojae
238 944 302 1007 fatis
317 946 425 1027 aliquid
438 959 548 1008 restare
563 947 688 1029 putatis:

74 1044 149 1109 Este
165 1049 225 1109 mei
239 1069 408 1111 memores:
430 1063 479 1112 aut
493 1050 517 1112 si
531 1050 602 1111 milri
613 1071 670 1113 non
687 1050 760 1113 datis
775 1071 856 1113 arma
868 1072 878 1128 3
978 1054 1042 1114 380

73 1149 156 1213 Huic
172 1152 261 1214 date.'
304 1151 346 1214 Et
355 1155 480 1217 ostendit
493 1155 607 1236 signum
622 1152 709 1218 fatale
723 1154 876 1217 Minervae.

117 1254 204 1317 Mota
217 1278 320 1319 manus
334 1279 491 1339 procerum
506 1272 571 1320 est:
594 1272 633 1333 et,
649 1258 718 1341 quid
734 1257 872 1320 facundia
885 1272 993 1341 posset,

73 1358 125 1421 Rc
139 1359 251 1442 patuit:
273 1359 412 1444 sortisque
426 1363 479 1424 viri
498 1362 562 1425 tulit
576 1383 658 1424 arma
673 1361 808 1448 disertus.

73 1460 208 1524 Hectora
223 1465 271 1545 qui
286 1466 373 1540 solus,
390 1466 436 1548 qui
447 1465 567 1540 serrum,
578 1465 746 1546 ignemque,
760 1464 927 1549 Jovemque

74 1564 217 1629 Sustinuit
228 1569 312 1630 toties
324 1592 333 1646 3
357 1590 445 1630 unam
460 1591 517 1630 non
533 1568 653 1630 sustinet
667 1568 741 1628 iram
753 1590 760 1626 :
980 1571 1042 1630 386

71 1668 275 1753 Invictumque
289 1673 383 1734 virum
397 1673 486 1734 vincit
499 1672 592 1734 dolor.
637 1671 745 1753 Arripit
760 1692 862 1733 ensem
876 1692 884 1732 :

74 1771 125 1849 Et,
142 1774 251 1837 ‘Meus
265 1775 314 1837 hic
328 1776 408 1837 certe
424 1789 478 1838 est.
500 1777 551 1838 An
565 1790 596 1837 et
617 1775 696 1838 hune
711 1775 764 1837 sibi
778 1788 881 1858 poscet
894 1773 1042 1858 Ulysses?

67 1876 165 1956 ,Hoc‚’
180 1879 227 1952 ait,
244 1881 405 1940 ‘utendum
420 1891 464 1939 est
480 1878 509 1939 in
530 1901 580 1941 me
592 1881 685 1943 mihi:
707 1881 815 1963 quique
830 1900 935 1943 cruore

76 1981 164 2064 Saepe
179 1980 332 2064 Phrygum
345 1982 466 2058 maduit,
482 1983 592 2044 domini
608 2006 685 2047 nunc
701 1976 784 2047 caede
799 1985 951 2053 madebit:

73 2084 125 2149 Ne
142 2086 294 2202 quisquam
308 2085 434 2169 Ajacem
449 2087 540 2167 possit
554 2107 703 2170 superare,
717 2088 772 2148 nist
764 2084 945 2170 ’“Ἀ]“ακ.’
940 2090 1043 2151 ’390

74 2188 180 2253 Dixit:
203 2203 232 2251 et
246 2189 275 2251 in
289 2203 402 2271 pectus,
418 2203 480 2251 turn
496 2190 622 2272 denique
634 2191 758 2252 vulnera
772 2211 902 2273 passum,

75 2292 148 2366 Qut
161 2293 251 2376 patuit
265 2292 354 2368 ferm,
368 2293 485 2354 letalem
500 2293 631 2354 condidit
646 2313 768 2354 ensem:

75 2396 106 2460 N
108 2418 144 2458 ec
159 2396 277 2459 vnlnere
292 2418 397 2457 manus
411 2395 534 2455 infixum
550 2395 679 2458 educere
694 2396 811 2458 telum:

77 2499 200 2584 Expulit
213 2501 275 2583 ipse
291 2520 398 2561 cruor:
420 2496 631 2582 rubefactaque
646 2500 785 2583 sanguine
800 2498 887 2564 tellus

77 2604 263 2688 Pmpureum
278 2604 360 2666 viridi
375 2604 473 2686 genuit
487 2604 525 2666 de
540 2605 650 2688 cespite
664 2605 778 2682 florem,
980 2608 1044 2671 :395

77 2707 139 2782 Qui
150 2704 229 2793 prius
243 2708 364 2772 OEbalio
379 2708 473 2772 fuerat
487 2710 526 2772 de
540 2711 659 2774 vulnere
670 2725 765 2774 natus.

78 2812 180 2876 Litera
194 2813 356 2875 communis
372 2813 476 2896 mediis
489 2835 640 2897 pueroque
655 2816 775 2898 viroque

77 2898 220 3001 Inscripta
235 2931 279 2982 est
294 2915 389 2980 foliis:
409 2918 478 2982 haec
492 2919 626 2994 nominis,
642 2919 691 2981 illa
705 2919 844 3001 querelae.

322 3188 454 3232 nucum
477 3188 512 3229 IN
535 3186 645 3228 CANEM
667 3187 807 3230 MUTATA·

496 3357 528 3397 v.
544 3340 620 3399 404.
649 3392 651 3398 .

78 3461 173 3548 Troja
186 3461 271 3526 simul
286 3460 480 3547 Priamusque
495 3462 624 3524 cadunt:
647 3458 796 3552 Priameia
809 3466 918 3554 conjux

80 3565 214 3631 Perdidit
227 3565 328 3630 infelix
341 3567 467 3629 hominis
480 3580 545 3650 post
555 3565 654 3633 omnia
665 3565 813 3650 sormam3
982 3577 1047 3634 400

79 3667 287 3773 Externmque
301 3691 378 3736 novo
388 3671 493 3735 lanata
506 3666 608 3737 terruit
621 3668 717 3737 auras.
