2264 4042
459 121 576 180 LIBER
594 121 672 179 XIII.
990 128 1048 191 129

118 276 232 341 littore
247 275 389 339 'llueicio
402 275 532 339 classem
546 277 682 360 religabat
696 277 824 353 Atrides,

69 380 156 443 Dum
171 403 253 444 mare
268 392 415 463 pacatum,
432 379 504 441 dum
518 395 627 445 ventus
640 382 761 445 amicior
775 393 864 444 esset.
982 385 1046 443 435
1079 372 1112 459 -1

70 483 135 547 Hic
150 485 256 559 subitd,
271 497 403 566 quantus,
416 484 489 546 clun
503 470 627 561 viveret,
642 506 708 548 esse
723 486 844 562 solebat,
978 469 992 479 ’
1094 468 1102 499 ⁷

64 587 145 650 Exit
159 589 251 650 humo
264 588 322 650 lade
337 587 432 671 rupti,
448 588 609 671 similisque
625 589 742 665 minaci,

66 690 230 775 Temporis
245 692 319 754 illius
333 694 445 754 vultum
459 692 610 754 referebat
624 694 765 769 Achilles,

66 794 140 869 Quo
155 793 235 858 ferus
249 796 353 880 injusto
368 797 450 878 petiit
463 797 691 879 Agamemnona
705 795 793 860 ferro.
874 837 883 859 t

66 898 340 983 ‘Immemoresque
355 901 414 962 mei
430 901 601 977 disceditis,'
615 903 716 984 inquit,
733 902 881 966 ‘Achivii
978 909 1043 966 440

66 1000 241 1087 Obruta'que
256 1017 301 1066 est
314 1025 433 1066 mecum
448 988 564 1068 virtutis
577 1006 670 1087 gralia
683 1007 813 1068 nostrae?

66 1106 120 1170 Ne
136 1104 243 1170 facite:
265 1120 354 1190 utque
370 1129 470 1170 meum
485 1130 546 1172 non
561 1109 597 1172 sit
612 1109 673 1171 sine
688 1110 800 1170 honore
815 1108 992 1191 sepulcrum,

66 1208 175 1274 Placet
187 1209 339 1274 Achilleos
353 1220 481 1274 mactata
495 1210 652 1295 Polyxena
668 1213 791 1275 manes’

111 1313 219 1376 Dixit:
241 1329 280 1391 et,
295 1315 398 1378 immiti
413 1315 500 1378 sociis
513 1318 682 1400 parentibus
696 1317 818 1390 umbrae,

66 1414 169 1500 Rapta
183 1418 247 1480 sinu
262 1419 371 1494 matris,
387 1438 476 1499 quam
486 1418 550 1501 jam
564 1418 656 1501 prop‘e
672 1420 734 1480 sola
748 1417 876 1492 fovebat,
972 1423 1038 1480 445

68 1518 176 1597 Portis,
192 1534 223 1582 et
236 1519 347 1594 infelix,
363 1533 393 1583 et
406 1521 562 1603 plusquam
578 1519 708 1597 loemina,
722 1521 804 1604 virgo

67 1622 195 1687 Ducitur
210 1624 248 1686 ad
263 1625 417 1700 tumulum,
430 1624 552 1706 diroque
566 1625 599 1686 fit
611 1626 706 1687 hostia
721 1627 823 1689 busto..

66 1726 145 1802 Qua
160 1748 273 1790 memor
286 1729 350 1811 ipsa
364 1729 418 1804 sui,
433 1741 589 1813 postquam
604 1730 771 1792 crudelibus
787 1731 843 1793 aris

67 1831 198 1894 Admota
212 1845 274 1909 est3
297 1833 443 1916 sensitque
459 1833 511 1895 sibi
527 1834 591 1895 fera
605 1855 689 1897 sacra
702 1833 799 1917 parari
811 1857 821 1912 3

65 1931 167 2017 thue
182 1934 413 2019 Neoptolemum
427 1951 562 2012 stantem,
578 1936 746 2018 ferrumque
760 1951 919 2013 tenentem,
972 1943 1036 2000 450

65 2035 159 2120 Inque
174 2060 227 2100 suo
241 2040 312 2102 vidit
326 2041 465 2121 figentem
480 2040 590 2101 lumina
603 2040 703 2117 vultu3

67 2138 180 2203 ‘Utere
190 2141 368 2226 jamdudum
383 2163 526 2225 generoso
541 2141 701 2223 sanguine‚’
716 2141 810 2202 dixit:

67 2242 175 2304 ‘Nulla
189 2264 270 2304 mora
286 2259 340 2304 est.
386 2246 428 2302 At
441 2259 472 2303 tu
482 2245 597 2324 jugulo,
612 2245 659 2303 vel
673 2256 803 2325 pectore,
818 2243 908 2306 telum

65 2343 173 2408 Cende
188 2366 257 2407 meo
271 2344 299 2406 ε’
317 2345 511 2428 jugulumque
526 2345 613 2407 simul
625 2360 788 2430 pectusque
802 2347 919 2410 retexit.

56 2447 205 2530 fScilicet
219 2461 269 2511 aut
282 2448 332 2509 ulli
347 2449 457 2511 servire
472 2447 629 2533 Polyxena
644 2450 764 2528 ferrem,
969 2456 1034 2516 455

66 2552 128 2613 Aut
141 2553 267 2643 pertale
283 2573 400 2615 sacrum
413 2575 524 2616 numen
539 2555 700 2636 placabitur
715 2556 817 2618 ullum.

65 2653 148 2718 Mors
161 2657 273 2717 tannim
286 2657 394 2718 vellem
407 2671 532 2719 matrem
546 2679 614 2720 mea
629 2657 729 2721 fallere
743 2673 852 2741 posset.

65 2756 162 2821 Mater
176 2759 279 2838 obest3
300 2759 460 2842 minuitque
474 2761 556 2823 necis
569 2762 640 2823 mihi
655 2761 762 2843 gaudia
774 2784 783 2823 ε
805 2763 938 2843 quamvis

66 2862 135 2925 Non
149 2848 218 2925 inea
231 2885 311 2926 mors
324 2863 373 2938 illi,
388 2865 491 2925 verbm
506 2887 559 2926 sua
573 2866 631 2926 vita
646 2864 793 2946 gemenda
807 2879 861 2927 est.

64 2963 126 3029 Vos
140 2965 241 3042 modo,
255 2988 293 3027 ne
306 2965 424 3049 Stygios
439 2966 545 3028 adeam
561 2987 620 3028 non
633 2968 726 3029 libera
740 2988 853 3047 manes,
971 2977 1035 3039 460

66 3066 140 3133 Este
155 3070 280 3152 procul;
301 3071 324 3133 si
334 3069 413 3154 justa
423 3084 514 3153 peto:
535 3083 673 3152 tactuque
688 3071 783 3134 viriles

65 3169 205 3255 Virgineo
219 3189 368 3237 removete
383 3196 487 3238 manus
501 3196 508 3236 :
531 3175 678 3257 acceptior
691 3175 741 3252 illi,

65 3274 208 3360 Quisquis
221 3277 246 3340 is
260 3291 314 3352 est,
329 3299 417 3360 quem
432 3279 514 3340 caede
530 3276 598 3341 med
610 3279 729 3361 placare
744 3284 865 3366 paratis,

66 3378 160 3442 Liber
174 3382 228 3443 erit
242 3381 369 3463 sanguis·
415 3382 448 3443 Si
464 3404 536 3465 quos
547 3396 646 3445 tamen
661 3384 764 3450 ultima
775 3390 864 3452 nostri

63 3481 140 3545 Vota
153 3499 275 3548 movent
287 3486 346 3548 oris
353 3507 365 3564 ,·
386 3484 499 3552 Priami
514 3510 568 3554 vos
581 3488 643 3555 filia
659 3492 754 3579 req'rs,
