2264 4042
112 264 154 325 50
403 245 781 340 unranoneuosnou

113 418 227 501 Stipite,
240 416 289 500 qui
304 412 404 476 medii
417 411 527 495 positus
542 408 674 471 fumabat
687 408 716 470 in
732 404 810 480 auli,

111 522 261 600 Perculit3
283 534 313 583 et
327 518 426 582 fractis
439 516 611 580 confuditin
625 515 740 578 ossibus
753 534 816 576 ora.

111 623 202 689 Hunc
218 622 409 687 ubilaudatos
418 620 581 706 jactantem
592 619 621 680 iu
636 617 776 700 sanguine
791 613 888 677 vultus

109 731 250 815 Assyrius
263 729 334 792 vidit
349 728 499 812 Lycabas,
506 722 760 812 junctissimusilli
1045 719 1088 779 60

110 837 153 901 Et
167 859 280 913 comes,
295 851 326 900 et
339 836 400 901 veri
414 857 474 899 non
489 833 683 905 dissimulator
698 828 824 905 amoris3

110 943 274 1026 Postquam
290 943 478 1005 exhalantem
494 941 548 1003 sub
564 939 672 1002 acerbo
687 935 806 998 vulnere
820 931 910 994 vitam

110 1046 283 1132 Deploravit
293 1047 384 1110 Athin
398 1069 407 1125 ;
430 1066 504 1128 quos
515 1045 562 1106 ille
577 1042 752 1116 tetenderat,
768 1060 853 1103 arcus

108 1153 249 1238 Adripit3
272 1167 311 1229 et,
327 1151 470 1214 ‘Mecum
484 1149 535 1212 tibi
551 1149 607 1211 sint
619 1144 810 1220 certamina,’
826 1142 920 1206 dixit:

110 1256 160 1319 ‘N
163 1278 198 1319 ec
213 1256 333 1339 longinn
347 1254 431 1339 pueri
445 1252 505 1316 sato
520 1251 679 1328 laetabere3
702 1269 760 1331 quo
775 1247 840 1330 plus
1043 1243 1086 1305 66

108 1361 237 1438 Invidiae,
250 1362 339 1444 quam
350 1360 454 1435 laudis,
470 1358 583 1421 habes!
628 1354 704 1418 Haec
715 1354 815 1417 omnia
828 1351 960 1415 noudum

108 1466 257 1532 Dixerat:
280 1467 400 1529 emicuit
413 1487 505 1528 nervo
519 1462 698 1548 penetrabile
713 1461 824 1523 telum:

108 1571 310 1656 Vitammque,
325 1586 424 1634 tamen
439 1570 557 1635 sinuosi:
571 1584 653 1632 veste
667 1566 819 1653 pependit.

108 1675 204 1740 Vertit
217 1679 246 1738 in
260 1677 339 1738 hunc
355 1678 477 1759 harpen,
493 1690 656 1758 spectatam
671 1674 755 1736 caede
770 1671 916 1745 Medusa,

106 1781 336 1855 Acrisioniades,
353 1781 499 1861 adigitque
515 1781 542 1840 in
557 1792 671 1861 pectus.
718 1779 757 1839 At
771 1778 819 1838 ille
1043 1763 1086 1838 ‘70

108 1883 177 1947 Jam
192 1884 329 1960 moriens,
344 1883 437 1945 oculis
452 1883 605 1946 subnecte
619 1883 784 1945 natantibus
799 1881 872 1958 aot,

107 1985 330 2070 Circumspexit
343 1986 455 2048 Athin:
477 2005 569 2067 seque
585 1984 741 2047 adclinavit
754 1985 783 2047 in
798 1985 898 2047 illum:

108 2090 151 2156 Et
164 2093 228 2156 tulit
242 2092 280 2154 ad
295 2113 398 2155 manes
404 2090 513 2176 junctae
530 2092 631 2154 solatia
645 2091 757 2154 mortis.

151 2197 219 2263 Nec
234 2198 366 2262 Phineus
381 2220 469 2261 ausus
484 2219 660 2260 concurrere
676 2197 810 2260 cominus
823 2196 908 2271 hosti,

105 2301 421 2387 Interquetjaculum:
445 2302 524 2386 quod
540 2300 642 2364 detulit
656 2322 736 2363 error
750 2300 780 2362 in
794 2299 878 2374 Idan,
1043 2304 1085 2362 75

107 2404 275 2488 Expertem
289 2402 394 2466 frustra
404 2405 482 2478 belli,
498 2418 528 2466 et
540 2419 645 2467 neutra
659 2422 742 2469 arma
752 2416 898 2466 secutum,

106 2509 159 2573 llle
174 2523 259 2571 tuens
273 2508 365 2570 oculis
380 2508 523 2568 immitem
538 2507 655 2570 Phinea
668 2510 766 2584 torvis,

107 2611 380 2693 ‘Quandoquidem
394 2611 423 2671 in
433 2623 540 2692 partes,
551 2610 559 2639 ’
575 2612 623 2685 ait,
636 2617 645 2647 ‘
657 2612 818 2688 abstrahor,
829 2613 944 2696 accipe,
952 2609 1085 2691 Phineu,

107 2716 211 2794 Quem
226 2717 319 2780 fecisti
333 2717 458 2792 hostem,
474 2737 625 2800 pensaque
640 2716 698 2780 hoc
713 2716 833 2779 vulnere
849 2718 974 2781 vulnus)

107 2820 235 2904 Jamque
250 2820 424 2882 remissurus
438 2833 565 2881 tractum
580 2819 619 2882 de
635 2841 760 2903 corpore
774 2820 866 2883 telum
996 2877 1002 2886 .
1041 2823 1088 2901 ΒΟ

108 2922 258 3007 Sanguine
274 2920 407 2985 desectos
421 2921 531 2984 cecidit
545 2922 692 3006 collapsus
706 2923 735 2986 in
752 2939 841 2986 artus.

151 3027 212 3092 Hic
228 3050 346 3114 quoque
362 3027 540 3114 Cephenum
551 3042 618 3112 post
631 3051 733 3113 regem
747 3030 858 3113 primus
874 3027 980 3091 Odites

107 3131 191 3199 Ense
201 3135 283 3220 jacet
298 3134 437 3217 Clymeni
451 3157 459 3196 ε
481 3133 646 3198 Protenora
659 3136 785 3220 perculit
799 3133 963 3215 Hypseus:

106 3232 235 3317 Hypsea
249 3232 411 3315 Lyncides.
457 3232 528 3296 Fuit
542 3248 572 3297 et
586 3233 796 3317 grandaevusin
810 3231 865 3294 illis

107 3335 278 3412 Emathion,
295 3337 369 3418 aequi
383 3337 487 3412 cultor,
502 3338 680 3420 timidusque
695 3338 841 3400 deorum:
1037 3342 1082 3402 85

108 3437 211 3514 Quem
227 3438 365 3523 quoniam
380 3439 535 3521 prohibent
549 3440 615 3502 anni
629 3439 750 3516 bellare,
766 3440 914 3525 loquendo

104 3540 223 3626 Pugnat
234 3563 243 3620 3
266 3554 296 3602 et
309 3540 435 3616 incessit,
451 3542 652 3624 scelerataque
664 3541 790 3606 devovet
804 3565 895 3608 arma.

107 3646 190 3713 Huic
203 3645 345 3711 Chromis
359 3645 498 3731 amplexo
512 3646 643 3710 tremulis
658 3647 757 3716 altaria
770 3650 875 3734 palmis
