2264 4042
468 207 582 265 LIBER
600 208 636 265 tl.
1013 212 1056 273 25

78 366 211 455 Pignora
224 381 306 432 certa
319 368 405 451 petis.
450 367 502 432 Dc
516 368 640 451 pignora
653 380 736 430 certa
749 365 904 429 timendo:
1013 364 1056 427 90

80 474 123 539 Et
136 474 231 561 patrio
245 487 329 559 pater
343 493 411 536 esse
424 487 506 536 metu
521 473 639 557 probor.
684 471 817 556 Adspice
831 470 928 535 ultus

80 579 168 645 Ecce
182 600 287 643 meos:
310 578 479 662 utinamque
493 578 596 641 cordos
609 577 639 639 in
653 591 775 661 pectora
789 595 892 661 posses

78 685 225 762 Inserere,
240 698 271 748 et
284 683 392 768 patrias
406 684 483 747 intus
498 684 684 769 deprendere
699 705 786 746 curas
798 684 806 745 1

80 791 233 876 Denique,
249 789 391 874 quidquid
413 789 504 852 habet
518 789 610 867 dives,
625 789 831 873 circumspice,
845 789 991 854 mundus:

79 892 170 979 Eque
184 907 229 957 tot
242 914 279 957 ac
293 892 380 956 tantis
394 891 473 969 coeli,
488 906 643 977 terraeque,
659 892 806 976 marisque
1015 892 1059 953 95·

79 997 181 1064 Posce
195 999 281 1062 bonis
295 997 404 1082 aliquid
418 1020 426 1059 ε
446 997 557 1061 nullam
571 997 682 1082 patiere
696 996 856 1081 repulsam.

79 1104 240 1191 Deprecor
253 1105 312 1168 hoc
326 1125 440 1184 unum;
463 1104 543 1189 quod
557 1125 629 1168 vero
642 1104 761 1169 nomine
775 1125 875 1188 poena,

80 1208 152 1275 Non
167 1210 262 1274 honor
276 1224 330 1274 est.
373 1208 514 1303 ¹Poenam,
527 1208 694 1286 Phaethon,
709 1231 763 1294 pro
777 1229 912 1286 munere,
926 1210 1034 1294 poscis.

80 1314 165 1390 Quid
180 1337 249 1379 mea
260 1316 337 1379 colla
349 1330 433 1380 tenes
447 1316 571 1393 blandis,
586 1316 697 1400 ignare,
711 1314 853 1379 lacertis?

81 1419 132 1485 Ne
147 1420 259 1498 dubita,
275 1422 390 1486 dabitur
406 1419 539 1508 (Stygias
548 1422 712 1508 juravimus
725 1420 836 1505 undas)
999 1424 1059 1483 100

84 1524 298 1612 Quodcunque
312 1526 421 1611 optiris
435 1550 443 1588 ε
465 1527 520 1590 sed
534 1540 566 1589 tu
581 1526 740 1610 sapientius
753 1526 844 1608 opta)

125 1628 259 1696 Finierat
273 1632 411 1696 monitus.
456 1629 554 1695 Dictis
567 1644 668 1695 tamen
679 1631 726 1694 ille
740 1645 902 1715 repugnat:

82 1735 334 1823 Propositumque
349 1749 449 1800 tenet:
471 1734 633 1821 flagratque
648 1736 786 1821 cupidine
800 1736 913 1802 currds.

83 1840 177 1926 Ergo,
193 1840 254 1926 qud
266 1840 347 1903 licuit
360 1840 473 1924 genitor
488 1856 651 1918 cunctatus,
668 1842 706 1905 ad
721 1844 794 1907 altos
934 1856 937 1863 '

83 1947 218 2013 Deducit
226 1946 379 2033 juvenem,
394 1945 541 2012 Videania
553 1970 688 2026 munera,
703 1972 816 2015 eunus.
911 1991 915 1996 ·
999 1956 1058 2015 105

82 2053 203 2117 Aureus
219 2051 283 2115 axis
297 2066 370 2129 erat,
384 2065 465 2116 temo
480 2074 597 2130 aureus,
613 2075 703 2118 aurea
717 2077 839 2119 summae

83 2157 253 2224 Curvatura
266 2173 356 2240 rotae3
376 2160 526 2223 radiorum
542 2174 698 2245 argenteus
712 2163 795 2226 ordo.

82 2261 148 2326 Per
157 2261 231 2348 juga
245 2261 424 2346 chrysolithi,
439 2263 599 2347 positaeque
614 2284 654 2325 ex
668 2264 771 2325 ordine
786 2284 923 2346 gemme,

86 2362 178 2428 Clara
191 2384 368 2448 repercusso
381 2364 548 2426 reddebant
560 2363 671 2427 lumina
685 2362 813 2429 Phoebo.

85 2466 229 2551 Dumque
245 2487 283 2529 ea
296 2465 501 2549 magnanimus
511 2463 668 2530 Phaethon
678 2467 808 2546 umanu,
820 2490 953 2557 opusque
1001 2476 1062 2536 110

87 2570 255 2658 Perspicit:
278 2593 352 2636 ecce
367 2571 434 2657 vigil
448 2573 533 2637 rutilo
547 2573 688 2661 patefecit
702 2575 739 2639 ab
753 2588 819 2641 ortu

88 2674 261 2763 Purpureas
276 2678 393 2742 Aurora
407 2675 496 2756 fores,
511 2692 542 2743 et
555 2679 644 2764 plena
657 2702 791 2745 rosarum

85 2780 182 2845 Attia.
228 2779 394 2862 Diffugiunt
407 2781 519 2844 stelle:
542 2803 666 2865 quarum
682 2784 800 2868 agmina
814 2785 892 2870 cogit

88 2885 222 2962 Lucifer,
238 2901 269 2948 et
282 2886 350 2949 coeli
366 2887 487 2951 statione
502 2889 675 2954 novissimus
690 2891 762 2954 exit.
889 2879 891 2884 ⁵

58 3072 66 3087 .
124 2994 167 3056 At
179 3006 264 3078 pater
277 3007 311 3056 ut
324 3007 425 3070 terras,
441 2995 644 3079 mundumque
659 2999 818 3062 rubescere
833 2998 914 3076 vidit,
1004 3007 1064 3066 115

88 3095 273 3181 Cornuaque
289 3111 430 3163 extremae
445 3098 526 3162 velut
540 3120 719 3165 evanescere
734 3102 832 3187 lunae3

87 3200 221 3287 iungere
237 3223 331 3288 equos
344 3203 436 3271 Titan
449 3204 601 3270 velocibus
615 3207 740 3291 imperat
754 3206 855 3276 Horis.

20 3400 22 3405 Ι
86 3305 180 3372 Jussa
193 3307 258 3372 deae
273 3309 387 3373 celeres
401 3325 566 3394 peragunt:
588 3311 746 3400 ignemque
761 3332 926 3399 vomentes,

89 3415 256 3479 Ambrosia
272 3438 363 3481 succo
378 3432 500 3496 sennes,
516 3421 695 3506 praesepibus
709 3423 773 3488 altis

87 3517 311 3605 Quadrupedes
328 3523 461 3603 ducunt3
483 3524 654 3612 adduntque
669 3530 801 3594 sonantia
815 3529 913 3599 frana
1006 3540 1068 3601 120

134 3623 219 3689 Tum
233 3640 318 3711 pater
332 3650 386 3775 oga
401 3629 447 3695 aui
462 3651 547 3696 sacro
561 3633 759 3701 medicamine
773 3637 833 3700 nati
