2264 4042
455 282 568 339 LIBER
587 282 663 339 Xlll.
980 283 1039 343 125

72 440 138 502 Sed
153 460 249 523 neque
265 438 445 523 Naupliades
461 438 573 502 facinus
593 438 752 502 defendere
767 448 887 511 tantum,
974 437 1038 495 310

67 544 207 627 Tamque
222 559 334 628 patens,
349 545 458 607 valuit:
480 567 537 607 nec
553 567 603 608 vos
618 543 737 607 audistis
752 543 782 604 in
797 542 845 603 illo

67 647 202 710 Crimina
214 638 233 727 ;Ι
245 649 373 712 vidistis:
395 650 547 732 pretioque
565 649 680 733 objecta
694 649 842 731 patebant.

111 753 181 815 Nee
200 753 389 816 Poeantiaden
405 754 483 836 qubd
503 755 592 817 habet
605 753 750 814 Vulcania
766 751 906 826 Lemnos,

11 838 14 843 Ι
67 855 145 919 Esse
160 879 228 919 reus
242 858 358 919 merui:
380 856 491 920 factum
506 856 655 919 defendite
670 869 816 918 vestrum:

27 1020 37 1027 .
66 959 264 1023 Consensistis
279 961 376 1022 enim:
398 982 454 1022 nec
469 982 518 1023 me
534 962 658 1024 suasisse
673 962 799 1043 negabo,
971 962 1033 1020 315

64 1062 109 1126 Ut
124 1086 155 1126 se
170 1066 357 1127 subtraheret
370 1065 495 1149 bellique
510 1067 622 1149 viaeque
637 1066 738 1141 labori,

63 1167 267 1252 Tentaretque
283 1168 360 1231 feros
374 1171 474 1252 requie
489 1171 579 1232 lenire
596 1171 721 1232 dolores.

64 1273 191 1352 Paruit,;
213 1287 242 1336 et
255 1275 333 1336 vivit.
377 1277 447 1338 Non
462 1277 525 1337 haec
542 1277 684 1337 sententia
697 1272 808 1335 tantum

64 1375 153 1452 Fida,
169 1378 221 1440 sed
237 1393 266 1441 et
281 1377 371 1458 felix3
394 1380 463 1439 chm
479 1380 514 1442 sit
536 1380 613 1455 satis,
629 1400 694 1441 esse
710 1378 840 1440 fidelem.

63 1480 168 1555 Quem
185 1484 321 1565 quoniam
336 1496 417 1544 vates
433 1484 559 1544 delenda
576 1483 613 1544 ad
630 1482 777 1562 Pergama
792 1493 927 1562 poscunt,
973 1482 1035 1543 330

62 1584 115 1648 Ne
129 1587 267 1647 mandate
283 1587 375 1647 mihi:
397 1587 502 1646 melius
516 1585 710 1644 Telamonius
725 1585 785 1658 ibit,

62 1689 252 1772 Eloquioque
268 1691 362 1751 virum
377 1689 487 1749 morbis
502 1687 602 1768 iurique
619 1686 763 1749 furentem

59 1793 187 1869 Molliet‚
201 1808 250 1855 aut
265 1791 361 1874 aliqud
374 1792 519 1874 producet
533 1792 655 1853 callidus
671 1807 743 1854 arte.

59 1897 139 1959 Ante
154 1911 232 1960 retro
248 1897 357 1959 Simois
371 1895 452 1972 fluet,
468 1911 498 1958 et
513 1897 574 1958 sine
589 1897 738 1960 frondibus
753 1898 806 1962 Ide

62 2002 170 2077 Stabit,
186 2016 215 2064 et
230 2002 368 2064 auxilium
383 2003 530 2084 promittet
544 2003 660 2064 Achaia
673 2003 784 2086 Trojae,
971 2008 1032 2065 325

61 2105 176 2181 Quam,
192 2120 324 2169 cessante
338 2125 407 2168 meo
421 2129 474 2189 pro
489 2107 591 2167 vestris
606 2122 726 2188 pectore
741 2108 841 2184 rebuS,

60 2208 165 2294 Ajacis
180 2211 272 2272 stolidi
287 2211 402 2272 Danais
418 2211 543 2272 sollertia
557 2211 657 2291 prosit.

61 2314 113 2376 Sis
127 2314 195 2375 licet
209 2313 328 2377 infestus
344 2315 440 2389 sociis,
457 2316 591 2395 regique,
606 2315 747 2396 mihique,

58 2417 148 2481 Dure
163 2418 327 2480 Philoctete
342 2442 351 2495 ;
372 2418 441 2479 lieet
457 2438 625 2494 exsecrere,
640 2440 800 2504 meumque

60 2522 225 2586 Devoveas
240 2524 301 2584 sine
317 2523 376 2584 fine
391 2535 480 2606 caput
489 2544 498 2600 3
521 2523 680 2608 cupiasque
697 2527 804 2589 dolenti
976 2532 1038 2591 330

60 2626 118 2691 Me
132 2628 182 2689 tibi
196 2627 269 2690 forte
287 2627 358 2703 dari,
374 2641 562 2710 nostrumque
578 2630 693 2692 haurire
708 2617 846 2695 cruorem
855 2656 865 2713 3

62 2729 182 2817 [thue
197 2733 237 2793 tui
252 2734 332 2808 mibi,
349 2734 390 2795 sic
405 2734 456 2795 fiat
470 2734 519 2795 tibi
535 2735 621 2816 copia
636 2737 729 2798 nostri
743 2736 766 2820 :]

60 2837 112 2897 Te
127 2850 224 2898 tamen
237 2838 409 2919 aggrediar:
434 2839 629 2922 [mecumque
645 2842 789 2903 reducere
801 2841 902 2925 nitan]

55 2939 197 3022 Tamque
212 2943 268 3004 tuis
282 2943 374 3025 potiar
391 2941 501 3026 (faveat
517 2943 660 3027 Fortuna)
677 2946 794 3025 sagittis,

62 3044 166 3118 Quam
182 3069 245 3108 sum
262 3046 424 3119 Dardanio,
441 3068 529 3127 quem
541 3048 618 3127 cepi,
633 3061 699 3108 vate
714 3049 841 3128 potitus:
970 3056 1031 3117 335

62 3149 167 3222 Qu'am
182 3173 321 3232 respousa
336 3149 436 3224 desim,
452 3149 642 3232 Trojauaque
658 3149 726 3226 fata,
742 3155 854 3215 retexi:

61 3253 166 3327 Quam
180 3255 263 3338 rapui
278 3254 414 3337 Phrygiae
430 3253 544 3335 signum
558 3255 707 3335 penetrale
723 3255 864 3322 hlinervae

61 3358 208 3422 Hostibus
223 3381 240 3420 e
254 3359 369 3420 mediis.
415 3357 457 3421 Et
471 3380 502 3421 se
517 3357 588 3418 mihi
603 3374 755 3442 comparat
768 3362 873 3448 Ajax?
903 3359 906 3363 ’

58 3462 183 3546 Nempe
198 3463 264 3545 capi
284 3461 406 3545 Trojam
421 3463 614 3546 prohibebant
628 3461 687 3526 fata
701 3465 763 3528 sine
778 3467 841 3531 illis.

56 3567 159 3633 Fortis
176 3568 224 3630 ubi
240 3581 283 3630 est
297 3565 401 3651 Ajax?
424 3569 473 3630 ubi
488 3582 554 3631 sunt
568 3569 695 3652 ingentia
709 3574 807 3655 magni
970 3581 1031 3637 340

97 3673 169 3736 erbe
182 3673 233 3736 viri
246 3672 259 3734 ?
282 3670 346 3735 Cur
360 3670 408 3733 hic
423 3672 553 3736 metuis?
576 3697 629 3737 cur
644 3676 733 3738 audet
746 3675 869 3757 Ulysses

403 3784 415 3837 l
425 3777 463 3838 l*
