2264 4042
484 215 599 274 mann
615 215 692 273 XIV.

398 581 400 588 Ι
462 438 608 544 'nmen
628 474 715 542 xm

347 727 456 774 uuum
480 728 523 772 nr
543 728 648 773 uncus
681 726 808 771 masur.
873 703 875 707 ’

522 901 551 941 v.
568 884 644 941 445.

88 1004 217 1072 Solvitur
230 1007 359 1071 herboso
373 1006 510 1089 religatus
525 1008 562 1069 ab
579 1028 687 1090 aggere
702 1005 798 1070 funis:

35 1124 37 1129 '
89 1112 133 1177 Et
146 1114 248 1198 procul
262 1113 390 1189 insidiaS,
405 1111 609 1197 insamataeque
625 1113 791 1197 relinquunt

89 1215 190 1281 Tecta
205 1219 278 1295 dea,
294 1207 433 1302 lucosque
449 1232 560 1301 petunt,
575 1219 625 1280 ubi
644 1219 758 1282 nubilus
774 1219 879 1281 umbri

88 1321 123 1386 In
138 1345 221 1395 mare
236 1345 306 1387 curn
319 1323 397 1388 flavit
410 1325 573 1408 prorumpit
586 1323 696 1408 Tybris
712 1323 810 1387 arenti.

89 1425 330 1513 Faunigenaeque
346 1431 436 1493 domo
450 1430 555 1512 potitur
570 1429 697 1512 natique
713 1429 832 1508 Latini;
1047 1433 1065 1490 5

88 1531 158 1596 Non
173 1534 238 1596 sine
254 1533 351 1597 Marte
366 1548 476 1596 tamen.
521 1533 642 1596 Bellum
657 1555 726 1594 curn
746 1547 833 1615 geute
848 1530 940 1596 feroci

86 1636 274 1722 Suscrpitur3
295 1639 441 1723 pactaque
471 1636 540 1701 furit
553 1660 608 1721 pro
623 1637 749 1722 conjuge
763 1636 894 1702 Turnus.

130 1743 289 1808 Concurrit
302 1743 392 1807 Latio
406 1742 577 1827 Tyrrhenia
594 1756 654 1806 tota
668 1766 676 1805 ε
699 1743 809 1828 diuque

54 1850 60 1858 “
84 1849 191 1912 Ardua
200 1849 334 1912 sollicitis
348 1849 469 1912 victoria
484 1850 620 1934 queritur
636 1850 733 1912 armis.

85 1954 186 2038 Auget
200 1967 326 2036 uterque
342 1975 411 2017 suas
427 1968 550 2019 externo
565 1955 670 2018 robore
692 1956 788 2019 vires:
1027 1964 1065 2020 10

43 2091 46 2098 ·
86 2057 129 2122 Et
138 2059 221 2121 multi
236 2058 372 2135 Rutulos
388 2061 470 2122 multi
484 2059 616 2144 Trojana
634 2074 752 2122 tuentur

86 2162 204 2227 Castra.
250 2161 360 2246 Neque
375 2163 491 2226 AEneas
506 2163 639 2226 Evandri
655 2164 693 2225 ad
708 2163 806 2226 limina
823 2163 936 2242 frusnd,

84 2268 125 2330 At
138 2265 272 2330 Venulus
288 2288 427 2350 magnam
442 2266 557 2349 profugi
572 2265 730 2328 Diomedis
745 2268 783 2327 ad
798 2268 903 2344 urbem

84 2368 225 2435 Venerat.
270 2371 322 2432 Ille
338 2371 459 2454 quidem
474 2371 528 2432 sub
542 2370 654 2453 I'apyge
669 2371 800 2434 maxima
813 2370 924 2436 Dauno

82 2473 197 2540 Moenia
207 2475 391 2550 condiderat,
407 2473 575 2557 dotaliaque
592 2496 661 2536 arva
676 2477 802 2539 tenebat.
1023 2484 1060 2540 15

83 2579 148 2643 Sed
161 2579 296 2644 Venulus
310 2579 405 2641 Turni
420 2593 576 2662 postquam
592 2580 732 2644 mandata
745 2584 868 2666 peregit,

84 2686 294 2770 Auxiliumque
310 2686 402 2769 petit3
424 2686 500 2748 vires
514 2685 642 2749 AEtolius
660 2687 748 2750 heros

83 2789 219 2852 Excusat
235 2814 242 2851 :
265 2811 322 2853 neo
338 2810 370 2850 se
385 2791 480 2851 soceri
495 2791 679 2853 committere
694 2814 798 2876 pugnae

82 2891 169 2956 Velle
185 2894 229 2956 sui
244 2894 389 2976 populos:
410 2915 564 2976 nec,quos
579 2912 697 2977 egente
713 2919 833 2960 suorum

81 2998 198 3074 Armet,
213 2999 324 3061 habere
339 2998 425 3059 viros.
472 2996 575 3059 Rutuli
591 2999 653 3061 sine
667 3000 774 3061 viribus
792 3000 845 3062 illis
1017 2994 1059 3068 20

82 3100 169 3164 Bella
183 3103 322 3166 instructa
335 3113 460 3183 gerunt:
482 3100 665 3185 multumque
681 3103 717 3164 ab
733 3101 856 3188 utrique
871 3105 981 3173 cruoris
1090 3115 1094 3122 '

82 3203 173 3267 Parte
189 3207 283 3268 datur.
330 3204 404 3269 Fert
419 3224 492 3267 ecce
509 3205 608 3269 avidas
622 3207 651 3268 in
666 3208 753 3290 pinea
768 3208 888 3275 Turnus

81 3307 183 3373 Texta
197 3310 280 3373 faces
289 3334 301 3397 „²
322 3311 464 3393 ignesque
478 3311 590 3388 timent,
606 3312 709 3394 quibus
732 3315 810 3378 unda
830 3321 971 3401 pepercit.

124 3414 252 3497 Jamque
267 3415 375 3498 picem,
388 3429 418 3478 et
432 3437 527 3491 ceras,
543 3417 737 3502 alimentaque
752 3435 859 3485 caetera
872 3423 998 3492 flamma

81 3517 228 3582 Mulciber
243 3521 357 3594 urebat,
372 3540 484 3604 perque
500 3523 590 3584 altum
606 3523 643 3585 ad
658 3526 782 3589 carbasa
796 3529 905 3594 molum
1011 3535 1053 3592 25

78 3622 152 3699 lbet,
168 3638 200 3688 et
210 3625 340 3692 incurva
355 3621 508 3692 fumabant
523 3642 650 3700 transtra
664 3631 795 3700 carina:
