2264 4042
90 245 150 305 135
380 222 758 301 uuusnoarnoeuon

83 392 164 459 cum
178 416 292 459 memor
306 396 359 460 has
373 397 459 481 pinus
478 397 559 462 ldaeo
573 401 682 463 vertice
698 421 789 463 caesas

80 499 192 565 Sancta
207 500 296 565 decim
311 502 445 586 genitrix,
460 502 608 567 tinnitibus
621 508 691 568 adra
705 504 780 588 pulsi

78 602 169 681 AEris,
185 619 215 669 et
228 605 318 669 inflati
332 609 491 692 complevit
504 631 654 673 murmure
673 609 756 673 buxi.

79 706 200 794 Perque
215 711 295 774 leves
306 712 423 776 domitis
437 714 553 777 invecta
566 715 699 778 leonibus
714 735 810 790 auras,
1007 700 1039 776 ab

78 814 183 878 ‘Irrita
194 815 338 900 sacrilegi
345 817 442 902 jactas
453 818 590 882 incendia
605 819 720 895 dextri,

74 918 199 997 Turne,’
215 921 264 984 ait.
309 922 485 1007 ‘Eripiam3
506 943 574 998 nec,
588 945 637 985 me
656 923 795 1007 patiente,
811 922 955 1003 cremabit

74 1023 154 1108 Ignis
168 1026 248 1090 edax
262 1048 417 1090 nemorum
431 1041 529 1111 partes
544 1041 574 1090 et
587 1029 723 1091 membra
736 1029 894 1094 meorum?

74 1128 203 1194 Intonuit
218 1132 334 1195 dicente
350 1132 429 1194 det:
451 1133 647 1216 tonitrumque
669 1135 762 1197 secuti

74 1233 155 1300 Cum
170 1237 290 1301 saliente
305 1258 409 1322 graves
423 1237 596 1301 ceciderunt
613 1239 754 1322 grandine
768 1239 885 1302 nimbi:
1007 1240 1041 1298 35

73 1340 224 1425 Aeraque,
240 1356 270 1406 et
287 1343 388 1406 subitis
402 1343 548 1405 tumidum
563 1343 753 1408 concursibus
768 1364 867 1428 aequor

72 1444 178 1510 Asoaei
192 1448 317 1525 turbant,
333 1462 363 1511 et
377 1462 447 1511 eunt
459 1448 488 1510 iu
503 1448 616 1532 proelia,
631 1447 743 1513 fratres.

73 1549 103 1615 E
118 1552 223 1637 quibus
238 1554 315 1617 alma
329 1576 446 1638 parens,
462 1554 547 1617 unius
562 1553 670 1617 viribus
684 1575 748 1630 usa,

73 1657 188 1741 Stupea
200 1661 368 1743 prerumpit
382 1659 520 1742 Phrygiae
532 1659 692 1722 retinacula
706 1659 806 1723 classis
820 1681 828 1720 ε

71 1761 203 1845 Fertque
218 1778 295 1826 rates
310 1784 427 1847 pronas,
443 1762 601 1844 medioque
617 1764 671 1824 sub
686 1784 804 1845 equore
818 1764 936 1848 mergit.
1007 1765 1045 1826 40

72 1865 194 1930 Robore
210 1866 330 1940 mollito,
345 1866 482 1947 lignoque
497 1867 527 1927 in
542 1885 666 1948 corpora
684 1852 782 1944 verso,

71 1969 106 2032 Iu
120 1970 249 2054 capitum
264 1967 372 2033 saciem
386 1991 502 2055 puppes
516 1983 663 2033 mutantur
679 1970 801 2036 aduncae
815 1996 824 2034 :

70 2074 105 2138 lu
120 2075 225 2160 digitos
241 2077 359 2152 abeunt,
375 2088 406 2138 et
420 2097 507 2139 crura
521 2076 660 2152 natantia,
676 2078 750 2141 remi
763 2099 772 2137 ε

70 2179 222 2265 Quodque
237 2181 318 2267 priris
332 2179 438 2258 luerat,
454 2181 529 2245 latus
544 2195 608 2245 est:
631 2183 796 2267 mediisque
810 2183 912 2249 casina

72 2287 198 2351 Subdita
211 2287 343 2372 navigiis,
359 2287 448 2372 spinae
464 2299 592 2352 mutatur
606 2287 637 2349 in
650 2309 748 2351 usum.
1007 2291 1043 2349 4⁶

70 2391 148 2454 Lina
162 2413 254 2455 comae
270 2393 383 2468 molles,
400 2408 532 2456 antenna
553 2393 674 2456 brachia
688 2394 770 2455 fiunt.
789 2422 794 2434 ·

69 2494 214 2572 Carolus,
226 2510 258 2558 ut
271 2495 375 2569 fuerat,
391 2496 471 2558 color
486 2508 540 2557 est.
587 2496 732 2581 Quasque
748 2497 814 2561 ante
829 2497 983 2574 timebant,

69 2600 137 2663 Illas
152 2599 285 2682 virgineis
301 2611 443 2660 exercent
456 2598 566 2660 lusibus
581 2599 676 2661 undas

69 2703 185 2768 Naides
201 2723 341 2785 aequoreae
356 2724 364 2762 :
387 2700 524 2783 durisque
539 2701 568 2762 in
583 2703 729 2766 montibus
743 2720 813 2768 orta

68 2807 161 2870 Molle
177 2804 284 2868 fretum
299 2806 466 2868 celebrant:
488 2790 545 2867 nec
561 2827 611 2868 eas
626 2829 679 2869 sua
700 2810 791 2891 tangit
805 2812 898 2894 origo.
1007 2817 1044 2872 50

69 2911 140 2975 Non
154 2925 253 2974 tamen
268 2911 372 2987 oblita,
388 2910 476 2992 quam
491 2911 582 2972 multa
595 2910 727 2994 pericula
745 2935 821 2978 saevo

69 3017 246 3082 Pertuleriut
261 3018 375 3101 pelago,
386 3015 504 3104 jactatis
519 3035 597 3100 saepe
612 3017 717 3079 carinis

71 3124 261 3208 Supposutire
276 3145 402 3186 manus:
424 3122 512 3187 nisisi
528 3143 585 3205 qua
599 3123 727 3185 vehebat
741 3123 881 3188 Achivos.

71 3227 173 3291 Cladis
189 3228 286 3289 adhuc
301 3227 438 3309 Phrygia
452 3248 609 3302 memores,
625 3226 716 3289 odere
732 3225 885 3310 Pelasgos.

115 3331 192 3414 Spes
207 3345 280 3407 erat,
294 3330 323 3391 in
337 3333 481 3414 nymphas
497 3329 624 3392 animata
632 3330 727 3390 classe
742 3331 879 3408 marmus,
1005 3339 1042 3398 55

73 3438 169 3504 Posse
183 3449 264 3499 metu
278 3434 398 3496 monstri
414 3435 559 3497 Rutrdum
576 3432 716 3494 desistere
730 3432 818 3496 bello.

70 3543 197 3617 Perstat,
212 3538 360 3620 habetque
375 3536 448 3600 deos
461 3560 530 3621 pars
546 3549 688 3617 utraquez
710 3538 818 3621 quique
836 3540 961 3612 deorum

72 3650 175 3724 Instar,
190 3646 299 3712 habent
314 3641 435 3705 animos.
480 3641 549 3704 Nec
559 3639 623 3725 jam
639 3640 744 3709 dotalia
757 3664 858 3728 regna,
