2264 4042
121 251 182 313 122
389 224 763 297 nnrnuonrnosuon
975 194 998 256 ¹⁵

117 400 220 464 Mente
235 398 330 463 serant
347 397 482 481 placidia:
506 397 601 460 doceo
617 419 674 480 quo
689 399 778 460 simus
793 398 900 474 alendi,

116 505 299 569 Armandive
313 503 422 565 modo:
444 502 540 564 mittor
555 501 614 585 qud
628 503 754 584 postulat
772 525 851 565 usus.
1025 504 1079 564 210

67 648 70 657 ·
160 609 245 673 Ecce
259 608 340 671 Jovis
352 608 473 684 monitu,
489 608 632 690 deceptus
646 607 772 690 imagine
788 608 892 683 somni,

115 714 187 778 Rex
197 715 284 799 jubet
297 714 405 797 incepti
420 734 522 775 curam
537 713 681 776 dimittere
696 713 774 774 belli.

114 820 167 882 Ille
182 832 280 902 potest
294 833 413 881 auctore
429 839 512 882 suam
527 816 689 880 defendere
704 839 835 880 causam.

114 923 184 987 Non
199 924 273 986 sinat
289 924 346 985 hoc
361 923 451 1007 Ajax,
468 924 652 1006 delendaque
672 922 821 1005 Pergama
834 935 960 1004 poscat:

72 1058 76 1067 ·
115 1027 267 1110 Quodque
282 1041 388 1111 potest,
403 1041 523 1111 pugnet.
569 1026 633 1090 Cur
647 1049 706 1089 non
720 1040 883 1090 remoratur
897 1027 989 1089 ituros
1000 1025 1014 1090 ?
1025 1030 1082 1089 220

115 1131 181 1197 Cur
194 1155 253 1196 non
270 1154 352 1195 arma
366 1131 466 1215 capit?
489 1131 560 1206 Dat,
577 1132 655 1213 quod
671 1153 746 1214 vaga
760 1124 845 1194 turba
860 1129 1024 1213 sequatur?

116 1238 187 1302 Non
203 1251 266 1301 erat
278 1238 336 1300 hoo
351 1237 473 1299 nimium
487 1257 637 1318 nunquam
652 1237 706 1296 nisi
721 1257 829 1317 magna
842 1237 983 1318 loquenti.

115 1342 209 1417 Quid,
226 1342 305 1426 qudd
320 1342 427 1424 etipse
443 1339 541 1423 fugis?
564 1339 633 1414 vidi,
649 1339 810 1422 puduitque
826 1339 938 1415 videre,

116 1447 198 1510 Cirm
211 1461 243 1510 tu
257 1461 340 1529 terga
356 1448 452 1522 dares,
468 1446 678 1526 inhonestaque
694 1444 759 1505 vela
771 1466 901 1527 parares.

116 1552 186 1616 Nec
200 1575 293 1629 mora,
310 1550 412 1625 ‘Quid
428 1549 546 1613 facitis?
571 1572 633 1633 quae
651 1571 702 1612 vos
717 1548 885 1624 demenda?
900 1550 972 1626 dixi,
1027 1554 1087 1615 225

115 1657 284 1731 ‘Concitat,
299 1679 318 1718 o
333 1657 413 1731 socii,
429 1670 546 1739 captam
562 1654 706 1717 dimittere
725 1651 872 1738 Trojam?

116 1759 236 1833 Quidve
252 1761 373 1821 domum
389 1758 468 1820 sertis
486 1758 613 1832 decimo,
628 1758 682 1818 nisi
697 1742 840 1832 dedecus,
851 1778 927 1820 anno
937 1757 969 1820 i'

115 1863 239 1926 Talibus
254 1877 341 1944 atque
358 1862 429 1935 aliis,
444 1862 473 1922 in
489 1883 552 1943 quae
568 1860 650 1922 dolor
665 1861 727 1942 ipse
744 1861 884 1925 disertum

110 1965 249 2042 Fecerat,
265 1986 382 2028 aversos
397 1964 521 2047 profugi
535 1965 573 2025 de
589 1965 683 2026 classe
698 1964 815 2027 reduxi.

115 2071 271 2136 Convocat
285 2071 404 2134 Atrides
419 2069 514 2132 socios
529 2083 639 2132 terrore
655 2085 817 2153 paventes:
1027 2078 1092 2137 230

115 2177 185 2243 Nec
199 2175 429 2241 Telamoniades
441 2175 529 2237 etiam
543 2197 621 2237 nunc
634 2174 750 2237 hiscere
767 2175 926 2257 quidquam

116 2286 224 2348 Ausit:
248 2296 277 2346 at
291 2304 379 2345 ausus
394 2295 456 2344 erat
470 2302 555 2364 reges
569 2281 716 2342 incessere
733 2268 815 2342 dictis

114 2389 280 2464 ThersiteS,
297 2389 384 2450 etiam
400 2409 453 2470 per
467 2409 516 2448 me
532 2386 611 2448 haud
626 2385 755 2468 impune,
770 2384 920 2467 protervis.

119 2493 236 2576 Erigor,
252 2506 282 2553 et
296 2491 424 2573 trepidos
439 2491 518 2551 cives
534 2491 671 2552 exhortor
686 2491 715 2551 in
730 2491 863 2551 hostem:

117 2598 324 2678 Amissamque
343 2592 412 2655 mei
425 2593 560 2653 virtutem
575 2615 648 2654 voce
663 2614 797 2675 reposco.
1026 2598 1093 2658 235

117 2700 269 2783 Tempore
284 2700 321 2760 ab
336 2699 404 2772 hoc,
420 2697 615 2780 quodcunque
629 2709 725 2779 potest
739 2695 844 2760 secisse
858 2699 951 2761 videri

118 2801 245 2866 Fortiter
260 2801 322 2877 iste,
338 2820 438 2862 meum
454 2812 519 2861 est:
541 2799 590 2882 qui
606 2800 724 2861 dantem
741 2813 824 2882 terga
837 2801 955 2863 retraxi.

94 2892 130 2985 Τ
160 2906 298 2988 Denique
314 2905 352 2966 de
368 2904 482 2966 Danais
497 2904 561 2987 quis
575 2919 604 2966 te
619 2905 754 2968 laudatve
768 2905 900 2987 petitve?

123 3015 165 3077 At
179 3034 231 3076 sua
245 3011 381 3094 Tydides
396 3031 516 3073 mecum
530 3010 729 3072 communicat
743 3024 827 3072 acta:

126 3118 179 3181 Me
191 3118 314 3201 probat:
337 3132 366 3179 et
381 3116 460 3178 socio
472 3137 589 3199 semper
604 3117 723 3179 confidit
736 3114 856 3198 Ulysse.
1032 3122 1098 3181 240

125 3220 181 3285 Est
197 3222 314 3303 ahquid,
330 3221 368 3282 de
384 3234 426 3283 tot
445 3220 601 3304 Grajorum
616 3220 750 3294 millibuS,
765 3241 856 3281 unum

125 3327 155 3388 A
170 3325 319 3387 Diomede
334 3324 401 3406 legi.
447 3325 516 3387 Nec
531 3347 580 3386 me
595 3345 656 3386 sors
670 3325 712 3384 ire
723 3322 865 3406 jubebat:

126 3428 177 3493 Sic
194 3443 292 3490 tamen
307 3441 336 3489 et
351 3440 447 3510 spreto
462 3429 612 3510 noctisque
627 3426 774 3509 hostisque
786 3430 906 3511 periclo,

123 3536 239 3598 Ausum
254 3532 369 3606 eadem,
386 3554 449 3613 quae
462 3553 525 3606 nos,
541 3531 672 3613 Phrygia
686 3531 723 3593 de
739 3549 825 3615 gente
840 3533 958 3598 Dolona

125 3639 280 3702 nterimo:
301 3657 360 3698 non
376 3635 442 3698 ante
462 3649 572 3711 tamen,
587 3634 674 3717 quim
688 3652 795 3702 cuncta
809 3639 893 3721 coligi
1020 3645 1096 3707 ,245
