2264 4042
503 259 624 321 FASTI.

117 424 160 488 Hi
175 424 301 488 redeunt
314 423 379 486 udis
391 423 422 485 in
436 443 490 486 sua
503 434 583 484 tecta
597 420 690 504 genis.

73 528 203 593 Sustinet
212 529 361 612 impositos
375 524 492 591 summi
504 546 595 588 cavus
606 524 705 588 alveus
717 521 808 586 undi.

116 633 187 696 Heu
203 648 342 717 quantum
356 630 405 696 sati
421 644 511 715 parve
523 629 630 693 tabella
643 628 740 692 vehit!
998 623 1040 683 60
1102 614 1108 627 “

73 739 185 802 Alveus
199 739 228 800 in
242 739 312 800 limo
327 737 404 801 silvis
419 736 557 820 appulsus
571 733 683 817 opacis,

118 842 265 905 Paulatim
278 841 367 904 fluvio
382 840 549 916 deficiente,
565 839 658 902 sedet.

73 945 163 1009 Venit
177 946 215 1008 ad
230 946 379 1029 expositos
395 941 528 1028 (mirum)
543 945 612 1028 lupa
627 942 697 1007 soeta
710 940 861 1026 gemellos.

119 1049 196 1124 Quis
210 1051 314 1114 credat
326 1048 425 1134 pueris
438 1070 496 1112 non
509 1049 644 1112 nocuisse
659 1045 775 1111 seram?

75 1154 146 1218 Non
160 1156 295 1219 nocuisse
309 1176 413 1239 parum
436 1167 498 1218 est:
523 1155 643 1238 prodest
657 1173 794 1237 quoque:
820 1170 894 1251 quos
907 1150 977 1232 lupa

247 1262 343 1340 nutrit,
1001 1258 1041 1317 bb

120 1364 252 1430 Prodere
267 1381 397 1450 cognate
412 1369 575 1432 sustinuere
589 1389 702 1432 manus.

73 1469 223 1547 Constitit,
238 1486 268 1535 et
281 1472 379 1534 caudi
392 1475 499 1537 teneris
512 1473 657 1536 blanditur
674 1470 808 1545 alumnis,

120 1575 164 1638 Et
177 1575 258 1659 fingit
271 1575 371 1658 lingui
383 1576 590 1659 corpora-bina
604 1573 667 1637 sub.

73 1679 176 1743 Marte
191 1693 267 1743 satos
282 1680 391 1758 scires3
405 1681 490 1742 timor
504 1677 595 1743 abfuit
607 1702 615 1740 ε
629 1681 720 1744 ubera
735 1679 865 1758 ducunt;

120 1784 154 1848 N
155 1805 190 1846 ec
205 1785 258 1848 sibi
273 1785 404 1867 promissi
415 1785 497 1849 lactis
506 1785 619 1847 aluntur
633 1807 702 1871 ope.
1001 1788 1044 1846 to

75 1888 184 1952 Martia
198 1903 242 1951 ter
253 1910 340 1952 senos
354 1890 450 1973 proles
464 1891 632 1955 adoleverat
645 1912 756 1972 annos;

121 1987 163 2052 Et
177 1990 294 2052 suberat
307 1990 388 2052 flavae
405 1990 469 2076 jam
483 2013 558 2054 nova
572 1993 663 2055 barba
672 2014 778 2054 oomae.

77 2093 223 2156 Omnibus
239 2095 369 2177 agricolis
384 2109 641 2177 armentorumque
652 2095 796 2177 magistris

120 2198 217 2261 Iliadae
229 2198 331 2262 fratres
347 2201 416 2283 jura
430 2199 520 2282 petita
541 2199 658 2261 dabant.

77 2305 165 2387 Saepe
180 2306 301 2367 domum
315 2304 434 2367 veniunt
448 2304 619 2387 predonum
635 2303 774 2386 sanguine
785 2303 844 2365 laeti
853 2325 863 2382 ;
1004 2307 1044 2365 75

121 2408 163 2471 Et
176 2410 311 2492 redigunt
325 2422 407 2472 actos
420 2408 449 2469 in
465 2429 518 2470 sua
528 2429 595 2470 rura
609 2408 711 2471 boves.

75 2511 121 2576 Ut
134 2535 226 2596 genus
241 2513 404 2587 andierunt,
420 2512 532 2574 animos
545 2526 629 2596 pater
644 2510 739 2576 editus
753 2526 860 2597 auget;

121 2617 164 2680 Et
177 2619 269 2701 pudet
282 2618 311 2680 in
325 2617 426 2702 paucis
440 2638 548 2680 nomen
563 2618 672 2681 hebere
692 2618 777 2682 casis.

77 2720 285 2806 Romuleoque
300 2721 380 2785 cadit
392 2721 529 2806 trajectus
543 2722 678 2786 Amulius
700 2744 790 2802 ense3

121 2827 288 2910 Regnaque
303 2828 434 2909 longaevo
448 2828 634 2891 restituuntur
648 2849 713 2891 avo.

75 2930 146 2993 Jam
161 2931 255 2993 luerat
268 2951 370 3014 poenas
384 2929 472 2994 buter
486 2932 657 3008 Numitoris,
672 2947 702 2995 et
722 2954 811 2996 omne
888 2938 890 2942 ’

122 3033 278 3098 Pastorum
293 3036 410 3118 gemino
425 3037 478 3097 sub
493 3036 570 3097 duce
584 3037 688 3117 vulgus
702 3050 775 3098 erat.

77 3139 264 3204 Contrahere
276 3154 414 3224 agrestes,
430 3152 460 3200 et
472 3139 581 3203 moenia
593 3159 704 3222 ponere
718 3141 831 3224 utrique

122 3241 278 3304 Convenit.
324 3240 488 3323 Ambigitur
502 3240 611 3302 moenia
625 3256 714 3323 ponat
728 3256 801 3306 uter.

80 3345 151 3410 ‘Nil
164 3367 239 3429 opus
254 3346 317 3420 est,'
332 3346 414 3421 dixit,
431 3344 629 3420 ‘certamine,'
644 3344 801 3426 Romulus,
816 3353 903 3421 ‘ullu

124 3448 234 3532 Magna
248 3449 323 3511 fides
338 3449 434 3511 avium
449 3462 511 3512 est:
526 3449 712 3533 experiamur
726 3456 816 3517 aves!

78 3554 146 3620 Res
159 3555 265 3639 placet.
309 3553 393 3633 Alter
407 3554 458 3617 init
471 3555 616 3619 nemorosi
631 3576 703 3620 saxa
716 3555 830 3627 Palati:

125 3658 207 3722 Alter
221 3659 400 3721 Aventinum
414 3661 500 3726 mune
515 3662 660 3727 cucumim
674 3662 743 3727 adst.

292 3764 352 3827 15*
