2264 4042
525 213 727 270 Ennomus.

458 454 678 521 EPISTOLA
699 452 741 517 X.

451 646 593 688 munita
615 643 754 685 THESEO·

123 795 244 870 Mamas
258 794 363 870 inveni,
379 793 467 877 quam
481 807 520 869 te,
536 813 629 875 genus
642 812 730 854 omne
745 788 895 852 serarum:

166 900 288 963 Credita
301 921 359 962 non
374 899 434 974 ulli,
449 897 537 981 quam
551 897 611 973 tibi,
626 897 711 981 pejus
725 916 817 961 eram.

122 1004 199 1079 Qua
214 1005 297 1088 legis,
312 1026 352 1065 ex
362 1003 420 1079 illo,
435 1001 568 1079 Theseu,
582 1002 632 1065 tibi
646 1001 739 1065 littore
754 1000 845 1075 mitto,

165 1107 255 1172 Unde
269 1122 349 1171 tuam
364 1109 426 1171 sine
440 1129 489 1169 me
504 1108 569 1168 vela
583 1107 676 1169 tuldre
691 1119 795 1170 ratem.

124 1214 159 1279 In
170 1233 228 1295 quo
242 1235 291 1275 me
305 1232 482 1294 somnusque
497 1233 582 1274 meus
595 1210 672 1272 male
687 1209 822 1294 prodidit,
839 1221 869 1272 et
882 1221 924 1285 tu,

168 1317 229 1381 Per
243 1316 354 1380 lacinus
368 1316 476 1379 somnis
490 1315 621 1378 insidiate
642 1315 726 1378 meis.

124 1420 260 1505 Tempus
274 1434 346 1500 erat,
370 1420 461 1482 vitrea
475 1441 534 1502 quo
547 1420 673 1503 primum
687 1433 764 1482 terra
777 1417 880 1503 pruiaai

170 1525 330 1611 Spargitur,
346 1540 375 1587 et
388 1538 471 1588 tectae
487 1523 589 1588 fronde
601 1539 759 1609 queruntur
769 1544 849 1587 aves.

129 1631 277 1696 Incertum
291 1631 420 1714 vigilans,
435 1653 453 1692 a
468 1652 571 1693 somno
584 1631 731 1714 languida,
745 1629 824 1692 movi

170 1736 292 1798 Thesea
306 1756 457 1818 pressuras
472 1736 649 1817 semisupina
664 1757 776 1797 manus.
1051 1735 1084 1795 10
1120 1782 1123 1811 ,

128 1839 161 1903 N
162 1838 235 1902 ullus
249 1854 328 1901 erat:
343 1837 496 1919 referoque
511 1860 625 1914 manus,
639 1839 801 1920 iterumque
812 1852 936 1915 retento,

172 1940 291 2025 Perque
307 1955 401 2003 torum
417 1962 522 2002 moveo
536 1942 673 2003 brachia:
688 1942 782 2006 nullus
796 1957 868 2006 erat.

130 2045 301 2110 Excussere
316 2058 411 2108 metus
425 2066 570 2108 somnum.
616 2044 782 2109 Conterrita
796 2070 883 2131 surgo
897 2071 905 2109 ε

173 2151 368 2234 Membraque
384 2165 449 2213 sunt
463 2149 551 2212 viduo
565 2151 742 2235 praecipitata
756 2167 830 2214 toro.

131 2255 271 2321 'Protinus
286 2255 419 2319 adductis
434 2269 591 2317 sonuerunt
604 2269 724 2339 pectora
737 2257 860 2339 palmis:

176 2360 277 2444 thue
293 2375 354 2423 erat
370 2382 387 2423 a
402 2382 503 2423 somno
517 2360 641 2436 turbida,
657 2375 838 2444 raptayeoma
853 2375 907 2424 est.

133 2466 220 2529 Luna
235 2464 287 2526 fuit
300 2488 307 2525 :
321 2478 433 2547 specto,
448 2464 471 2525 si
486 2465 565 2546 quid,
580 2466 633 2527 nisi
648 2465 750 2540 littora,
765 2487 896 2528 cernam.

179 2568 271 2643 Quod
285 2568 403 2629 videant
416 2567 502 2640 oculi,
520 2568 566 2641 nil,
581 2569 634 2629 nisi
649 2570 735 2643 littus,
750 2570 868 2632 habent.

137 2673 226 2737 Nunc
241 2672 310 2746 huc,
324 2690 402 2731 nuuc
416 2669 493 2745 illuc,
509 2684 539 2732 et
553 2684 684 2752 utroque,
701 2672 761 2733 sine
776 2674 888 2749 ordine,
904 2695 1014 2737 curro:

178 2775 247 2837 Alta
260 2774 404 2857 puellares
417 2773 511 2835 tardat
525 2795 612 2836 arena
626 2775 728 2857 pedes.
1055 2785 1093 2843 20

136 2880 252 2944 Interea
265 2893 325 2942 toto
340 2877 475 2940 clamanti
488 2877 591 2956 littore,
607 2880 771 2957 ‘Theseu‚’

183 2986 361 3049 Reddebant
374 3005 482 3046 nomen
498 3006 628 3048 concava
642 3009 713 3049 saxa
728 3002 808 3049 tuum
822 3011 830 3048 :

140 3092 182 3157 Et
197 3091 308 3175 quoties
323 3111 379 3173 ego
392 3104 431 3166 te,
446 3090 531 3153 toties
544 3091 626 3153 locus
640 3093 702 3175 ipse
718 3095 850 3155 vocabat.

183 3197 250 3280 Ipse
264 3196 346 3258 locus
356 3196 468 3259 miserae
480 3195 555 3258 serre
570 3197 686 3259 volebat
698 3220 797 3280 opem.

142 3300 232 3362 Mons
246 3297 297 3359 suit
309 3320 317 3376 ;
333 3312 472 3381 apparent
486 3299 603 3361 frutices
617 3301 644 3360 in
660 3301 768 3361 vertice
783 3304 858 3364 rari:
1059 3309 1095 3367 25

186 3401 267 3463 Hinc
281 3401 416 3483 scopulus
430 3403 525 3464 raucis
538 3402 648 3484 pendet
662 3401 766 3464 adesus
778 3407 869 3487 aquis.

145 3506 306 3572 Adscendo
322 3503 411 3587 (vires
426 3506 537 3567 animus
552 3506 663 3586 dabat),
679 3520 764 3588 atque
779 3509 818 3571 ita
826 3510 882 3572 late

188 3608 321 3691 AEquora
334 3620 489 3690 prospectu
503 3608 606 3669 metior
620 3607 675 3669 alta
688 3631 764 3674 meo.
