2264 4042
91 271 132 331 aa
379 263 753 350 unrnupnrnosnon

91 422 249 506 Tantaque
264 422 432 506 simplicitas
446 444 466 505 p
488 400 605 485 erilibus
620 423 702 485 affirit
716 424 808 499 annis,

93 527 169 591 Haec
184 548 301 612 quoque
315 426 583 642 virgineqlmovit
591 527 709 610 jactura
723 529 866 590 dolorem.

134 631 249 716 Raptor
264 633 322 715 agit
335 653 448 707 currus,
464 644 494 693 et
505 632 623 693 nomine
640 653 788 715 quemque
803 643 925 694 vocatos
997 637 1068 695 240

93 736 277 802 Exhortatur
291 759 383 822 equos
397 761 404 799 :
428 759 552 822 quorum
567 759 620 821 per
635 739 711 801 colla
723 738 870 822 jubasque
949 743 954 751 '

91 843 216 908 Excutit
229 843 356 908 obscura
369 844 473 907 tinctas
487 843 633 927 ferrugine
653 843 794 906 habenas.

92 948 212 1034 Perque
227 951 310 1013 lacus
326 950 408 1026 altos,
424 965 454 1013 et
467 950 575 1012 olentia
590 947 698 1013 sulfure
713 948 804 1013 fertur

93 1054 203 1138 Stagna
219 1046 399 1131 Palicorum,
414 1055 500 1138 rupta
514 1053 655 1117 ferventia
668 1056 768 1118 terrai:

15 1147 17 1151 ¹
91 1158 135 1223 Et
147 1182 205 1245 qua
219 1160 409 1237 Bacchiadae,
423 1161 527 1224 bimari
542 1183 613 1244 gens
632 1175 696 1223 orta
715 1160 868 1236 Corintho,
999 1163 1066 1222 245

91 1264 170 1330 Inter
184 1267 341 1353 inaequales
355 1281 515 1351 posuerunt
528 1269 638 1330 moenia
651 1279 761 1351 portus.

136 1372 193 1437 Est
206 1373 337 1436 medium
352 1373 484 1457 Cyanes,
501 1388 530 1436 et
544 1373 645 1436 Plsaeae
662 1373 828 1447 Arethusae,

13 1503 17 1510 ·
92 1477 185 1554 Quod
200 1479 261 1543 coit
275 1480 403 1563 angustis
417 1479 563 1542 inclusum
578 1479 714 1542 cornibus
729 1499 838 1561 aequor.

91 1583 153 1649 Hic
168 1584 262 1662 suita
277 1585 360 1670 cujus
375 1601 509 1669 stagnum
525 1606 641 1670 quoque
656 1584 773 1646 nomine
790 1583 900 1645 dictum
915 1596 970 1659 cst,

91 1687 171 1751 Inter
187 1689 332 1752 Sicelidas
347 1689 454 1772 Cyane
474 1690 667 1752 celeberrima
681 1689 826 1771 nymphas
838 1711 847 1767 3
1000 1691 1069 1750 250

91 1793 276 1875 Agnovitque
292 1794 382 1854 deum
396 1817 404 1854 :
427 1800 435 1830 ‘
447 1793 479 1855 N
480 1815 516 1855 ec
531 1793 644 1874 longius
658 1793 754 1867 ibitis,’
768 1793 878 1875 inquit:

92 1897 183 1961 ‘Non
197 1911 282 1982 potes
296 1897 389 1958 invitae
406 1897 526 1960 Cereris
541 1918 632 1980 gener
647 1918 734 1958 esse:
756 1897 897 1979 roganda,

91 2002 163 2066 Non
177 2002 319 2086 rapienda
333 2000 395 2065 suit.
441 2001 534 2076 Quod
550 2003 574 2065 si
589 2023 768 2085 componere
784 2002 898 2085 magnis
943 2030 947 2036 ·

91 2105 191 2171 Parva
205 2108 276 2170 mihi
292 2107 336 2171 fas
351 2123 417 2188 est;
440 2122 473 2194 et
484 2130 532 2171 me
548 2109 651 2171 dilexit
665 2109 790 2192 Anapis.

92 2213 227 2278 Exorata
242 2228 351 2291 tamen,
365 2237 432 2291 nec,
448 2228 480 2278 ut
490 2216 564 2291 haeo,
577 2214 716 2277 exterrita
730 2214 837 2297 nupsi.'
909 2237 912 2241 ·
997 2218 1068 2276 255

91 2318 199 2384 Dixit:
222 2336 261 2398 et,
276 2321 305 2383 in
317 2335 415 2405 partes
430 2322 560 2385 diversas
575 2320 695 2384 brachia
709 2319 843 2394 tendens,

92 2427 221 2491 Obstitit.
267 2424 360 2486 Haud
375 2427 449 2486 ultra
463 2427 555 2487 tenuit
570 2415 724 2487 Saturnius
739 2425 834 2486 iram:
888 2448 892 2454 ·

92 2529 311 2610 Terribilesque
327 2529 457 2588 hortatus
473 2548 575 2608 equos,
591 2528 620 2587 in
635 2529 754 2608 gurgitis
768 2529 828 2590 ima

91 2633 267 2699 Contortum
282 2631 379 2694 valido
395 2645 543 2713 sceptrum
558 2630 657 2713 regale
672 2631 783 2692 lacerto

55 2785 57 2789 -
93 2738 244 2804 condidit.
287 2736 351 2799 Icta
365 2736 444 2798 viam
457 2735 542 2797 tellus
560 2734 590 2796 in
605 2733 732 2796 Tartara
747 2732 826 2810 fecit,
998 2744 1067 2805 260

93 2845 136 2909 Et
150 2866 257 2929 pronos
271 2864 373 2906 currus
388 2841 487 2904 medio
502 2854 616 2906 cratere
631 2842 754 2925 recepit.

91 2952 133 3015 At
147 2949 264 3034 Cyane,
279 2963 451 3034 raptamque
468 2947 566 3024 deam,
582 2961 808 3033 contemptaque
824 2949 910 3013 sontis
948 3017 953 3035 ,

89 3056 162 3120 Jura
177 3057 221 3120 sui
237 3079 374 3134 moerens,
389 3054 598 3119 inconsolabile
613 3055 718 3118 vulnus

91 3161 194 3225 Mente
210 3163 284 3246 gerit
297 3160 394 3237 taciti,
410 3160 604 3243 lacrymisque
623 3160 781 3223 absumitur
795 3160 911 3222 omnis:

91 3265 144 3343 Et,
160 3287 283 3351 quarum
298 3264 393 3328 suerat
405 3287 545 3348 magnum
560 3264 650 3326 modi>
663 3253 784 3339 numen,
799 3264 828 3325 in
842 3264 905 3328 illas
996 3270 1064 3332 265

92 3368 280 3434 Extenuatur
294 3391 395 3453 aquas.
440 3368 548 3431 Molliri
563 3368 698 3431 membra
712 3367 847 3432 videres:
925 3402 929 3408 ·

92 3475 171 3540 Ossa
185 3476 244 3558 pati
258 3457 354 3538 flexus
367 3496 375 3535 r
397 3495 510 3556 ungues
523 3473 655 3557 posuisse
675 3472 802 3554 rigorem
816 3497 823 3535 :
881 3488 883 3492 ·

92 3581 255 3665 Primaque
270 3579 309 3642 de
323 3578 385 3641 totb
398 3578 567 3640 tenuissima
581 3598 705 3661 quaque
721 3579 894 3662 liquescunt,

92 3686 221 3753 Caentlei
236 3685 341 3761 crines,
357 3683 506 3768 digitique,
521 3695 552 3746 et
562 3703 657 3759 crura,
672 3683 846 3768 pedesque:
