2264 4042
80 271 142 332 142
330 264 335 271 ·
380 227 754 314 uermouruosnou

78 419 120 483 Et
133 439 229 482 rerum
243 436 355 493 causas,
370 414 482 498 etquid
496 427 607 489 natura,
621 412 766 477 docebat:

77 522 158 596 Quid
174 523 267 602 deus3
288 522 367 585 unde
381 522 461 583 nives
473 542 482 598 3
505 541 568 602 qua
583 517 707 579 fulminis
721 526 799 578 esset
811 512 912 596 origo;
1008 513 1045 570 10·

73 626 198 710 Jupiter,
215 650 251 689 an
266 628 353 702 venti,
369 624 502 688 discussit
516 624 593 686 nube
608 635 763 700 tonarent3

75 729 159 805 Quid
175 746 307 813 quateret
320 746 412 794 terras
425 754 434 809 3
456 728 516 813 quia
529 729 626 792 sidera
639 729 707 810 lege
716 736 869 801 mearent,

75 835 116 898 Et
131 838 327 920 quodcunque
342 839 421 899 latet.
466 834 642 917 Primusque
658 831 793 895 atrimalia
807 826 917 891 mensis

74 942 180 1023 Arguit
193 942 324 1024 imponi:
345 943 455 1024 primus
470 962 586 1024 quoque
602 939 706 1001 talibus
720 957 772 998 ora
928 968 968 1047 q

75 1044 174 1108 Docta
190 1046 309 1127 quidem
324 1047 416 1120 solvit,
432 1046 484 1107 sed
499 1066 557 1106 non
573 1057 601 1105 et
620 1042 741 1116 credita,
757 1040 852 1103 verbis
869 1061 877 1099 :
969 1044 976 1053 '
1008 1039 1040 1096 1⁵

76 1148 224 1225 ‘Parcite
239 1150 387 1225 mortales,
403 1149 527 1232 dapibus
541 1161 687 1210 temerare
701 1143 836 1208 nefandis

74 1251 220 1336 Corpora.
265 1253 341 1316 Sunt
354 1252 463 1338 fruges,
479 1266 544 1317 sunt
559 1250 736 1313 deducentia
750 1270 848 1312 ramos

74 1355 213 1421 Pondere
228 1379 319 1443 poma
331 1380 394 1436 suo,
409 1360 587 1442 tumideque
600 1357 631 1420 in
645 1356 749 1418 vitibus
764 1375 848 1415 uvae:

76 1458 152 1523 Sunt
165 1461 263 1524 herba
280 1463 404 1528 dulces:
427 1478 502 1542 sunt,
518 1486 581 1547 quae
596 1462 752 1535 mitescere
767 1456 898 1532 flammis,

73 1561 239 1655 Mollirique
254 1585 372 1656 queant.
417 1570 485 1634 Neo
501 1570 582 1632 vobis
596 1569 708 1658 lacteus
726 1565 833 1627 humor
1002 1563 1041 1623 20

72 1665 212 1756 Eripitur,
227 1698 283 1738 nec
298 1677 386 1738 mella
399 1676 492 1758 thymi
506 1674 667 1737 redolentia
677 1670 792 1734 florem.

73 1773 204 1857 Prodiga
219 1777 343 1853 divitias,
356 1779 549 1861 alimentaque
564 1778 644 1838 mitia
666 1776 751 1838 tellus

75 1876 232 1959 Suggerit:
254 1893 342 1962 atque
358 1881 459 1963 epulas
474 1882 535 1943 sine
549 1880 633 1943 cede
648 1894 679 1941 et
692 1880 832 1962 sanguine
847 1879 968 1965 prebet.

72 1979 173 2046 Oarnte
188 1981 256 2047 serae
272 1984 375 2049 sedant
384 1981 518 2069 jejunia:
539 2002 595 2050 nee
610 1998 710 2048 tamen
724 2005 839 2047 omues.

72 2084 194 2173 Quippe
209 2110 311 2174 equus,
327 2105 357 2154 et
369 2090 513 2175 pecudes,
529 2105 718 2175 armentaque
734 2091 865 2173 gramine
880 2089 989 2152 vivunt.
1004 2084 1041 2152 25

73 2192 114 2262 At
128 2195 232 2283 quibus
246 2196 395 2280 ingenium
410 2211 455 2261 est
468 2199 765 2279 immansuetumque,
781 2195 948 2278 serumque,

75 2302 280 2385 Armeniaque
295 2300 393 2385 tigres,
409 2303 598 2384 iracundique
613 2303 726 2375 leones

72 2402 212 2489 Cumque
227 2406 302 2489 lupis
318 2407 385 2480 ursi,
401 2406 523 2487 dapibus
538 2427 608 2467 oum
623 2404 761 2487 sanguiue
781 2403 917 2486 gaudent.

73 2506 144 2571 Heu
160 2521 299 2591 quantum
313 2509 410 2570 scelus
426 2523 480 2583 est,
494 2510 524 2569 in
538 2511 653 2571 viscera
666 2510 779 2571 viscera
795 2508 892 2583 condi,

73 2609 282 2693 Congestoque
297 2610 416 2672 aridum
429 2611 621 2692 pinguescere
637 2631 760 2693 corpore
775 2634 881 2696 corpus
894 2635 904 2690 3
1005 2617 1044 2674 30

71 2702 257 2797 Alteriusque
273 2712 450 2775 animantem
465 2713 616 2775 animantis
631 2713 727 2776 vivere
742 2715 821 2777 leto!

73 2814 195 2879 Scilicet
207 2815 236 2877 in
251 2816 336 2879 tantis
350 2817 464 2900 opibus,
480 2838 553 2900 quas
567 2818 678 2900 optima
691 2833 818 2882 matrum

68 2918 166 2983 Terra
180 2920 265 3004 parit,
278 2921 319 2985 nil
332 2935 362 2986 te
375 2922 429 2986 uisi
443 2923 533 2985 tristia
545 2924 687 2986 mandere
703 2946 779 2986 saevo

68 3022 200 3090 Vulnera
214 3027 302 3091 dente
311 3028 404 3113 jurat,
419 3029 548 3113 ritusque
562 3029 673 3093 referre
688 3029 879 3114 Cyelopum?

70 3129 150 3206 Nec,
164 3133 218 3194 nisi
233 3133 395 3216 perdideris
411 3135 509 3211 mium,
524 3137 644 3217 placare
658 3136 781 3212 veracia,
1002 3142 1040 3200 35

69 3231 112 3295 Et
125 3236 202 3296 male
217 3238 320 3299 morati
336 3240 443 3320 poteris
453 3240 567 3323 jejunia
582 3240 714 3303 ventris?

115 3338 156 3398 At
168 3352 251 3401 vetus
264 3342 311 3402 illa
325 3356 402 3419 atas,
417 3344 464 3405 cui
479 3343 601 3408 fecimus
615 3345 716 3404 Aurea
732 3364 848 3422 nomen,

73 3438 205 3504 Foetibus
220 3444 355 3521 arboreis,
370 3461 408 3523 et,
424 3470 495 3531 quas
509 3450 615 3511 humus
629 3447 744 3524 educat,
759 3450 856 3514 herbis

71 3542 230 3608 Fortunata
244 3546 314 3609 suit:
335 3572 391 3614 nec
405 3553 505 3634 polluit
517 3574 568 3614 ora
587 3572 700 3615 cruore.

71 3645 160 3713 Tunc
172 3664 202 3713 et
215 3672 284 3715 aves
298 3667 364 3719 tutae
379 3655 499 3726 movere
514 3676 568 3739 per
583 3658 652 3721 aera
662 3680 796 3745 pennas;
1001 3667 1042 3726 40
