2264 4042
407 262 410 269 ¹
466 271 677 334 monum.

88 432 205 500 Fistula
220 432 382 518 disparibus
395 432 536 516 paulatim
551 434 641 516 surgit
655 432 766 495 avenis.

87 539 173 604 Tum
188 541 247 603 lino
261 540 385 616 medias,
401 554 431 602 et
445 539 522 602 ceris
537 539 635 621 alligat
647 539 733 601 imas.

88 647 191 731 Atque
205 647 246 710 ita
259 645 438 730 compositas
452 665 545 729 parvo
560 644 730 706 curvamine
745 641 859 721 flectit3

87 750 133 815 Ut
146 774 231 816 veras
246 753 393 814 imitentur
408 771 489 814 aves.
535 749 618 813 Puer
632 749 735 812 Icarus
746 749 807 810 uult

89 857 216 921 Stabat:
238 873 278 934 et,
293 859 411 941 ignarus
426 878 480 919 sua
495 877 528 920 se
542 869 668 919 tractare
683 853 805 938 pericla,
881 862 883 869 ’

89 962 155 1026 Ore
170 963 326 1038 renidenti,
342 961 433 1024 modd
448 983 522 1046 quas
533 982 609 1045 vaga
622 973 756 1024 moverat
770 979 851 1035 aura,

88 1067 239 1154 Captabat
253 1070 388 1152 plumas:
411 1049 518 1132 flavam
532 1067 625 1131 modd
638 1067 745 1152 pollice
761 1087 862 1130 ceram

88 1173 235 1251 Mollibat,
250 1176 375 1258 lusuque
390 1196 444 1238 suo
458 1175 591 1238 mirabile
604 1161 696 1259 patris

85 1280 274 1364 [inpediebat
287 1293 376 1366 opus:
416 1280 580 1365 Postquam
594 1302 700 1344 manus
717 1280 821 1344 ultima
834 1278 940 1362 coeptis
970 1279 981 1289 '

86 1385 228 1472 imposita
244 1400 307 1466 est;
330 1388 463 1471 geminas
478 1385 580 1471 opifex
594 1388 708 1451 libravit
722 1387 752 1450 in
767 1387 828 1449 alas

86 1491 156 1577 lpse
171 1515 257 1555 suum
272 1515 402 1576 corpus:
424 1492 565 1576 motisque
579 1493 722 1576 pependit
736 1493 766 1554 in
777 1489 861 1555 aurd.

129 1597 248 1661 Instruit
261 1611 292 1660 et
306 1612 427 1660 natum:
449 1605 458 1636 ‘
471 1597 634 1679 Medioque
646 1610 678 1659 ut
691 1596 784 1658 limite
799 1615 909 1671 curras,

85 1703 192 1780 Icare,'
209 1705 258 1778 ait,
275 1711 421 1766 ‘moneor
442 1723 492 1779 ne,
508 1702 698 1765 sidemissior
707 1702 772 1779 ibis,

85 1806 179 1872 Unda
193 1821 296 1893 gravet
309 1830 423 1893 pennas
435 1830 444 1887 ;
466 1808 491 1871 si
505 1807 622 1900 celsior,
633 1809 708 1892 ignis
720 1808 834 1872 adurat.

84 1913 164 1979 Inter
179 1929 337 1998 utrumque
352 1915 430 1977 vola.
475 1914 544 1978 Nec
560 1929 589 1978 te
606 1930 741 2000 spectare
755 1914 886 1992 Boiiten,

85 2021 147 2084 Aut
162 2019 291 2084 Helicen
306 2021 409 2106 jubeo,
425 2021 594 2084 strictumve
609 2021 728 2085 Orionis
743 2044 857 2086 ensem.

85 2118 139 2189 Me
155 2127 243 2203 duce,
258 2148 348 2212 carpe
362 2127 463 2190 viam!
507 2126 624 2190 Pariter
638 2141 788 2211 praecepta
802 2127 920 2191 volandi

86 2231 213 2312 Tradit3
235 2248 266 2297 et
279 2235 393 2317 ignotas
406 2233 538 2296 humeris
554 2233 765 2296 adcommodat
779 2233 851 2296 elas.

85 2335 164 2402 luter
177 2361 252 2424 opus
267 2341 452 2422 monitusque
469 2359 550 2422 genae
565 2338 710 2400 maduere
725 2337 855 2400 seniles:

87 2442 128 2508 Et
142 2445 240 2529 patriae
256 2444 407 2507 tremuere
422 2464 538 2506 manus.
582 2442 677 2507 Dedit
690 2444 792 2507 oscula
806 2457 876 2509 nato

86 2549 156 2615 Non
171 2552 279 2615 iterum
294 2550 458 2634 repetenda
472 2571 526 2613 suo
540 2556 555 2613 τ’
568 2551 732 2637 pennisque
746 2551 861 2618 levatus

85 2656 163 2720 Antlr
178 2659 277 2738 volat3
299 2657 457 2742 comitique
472 2657 575 2721 timet:
597 2659 678 2721 velut
692 2657 764 2735 ales,
780 2659 818 2724 ab
833 2659 893 2724 alto

84 2761 161 2837 Qus
176 2776 310 2826 teneram
323 2765 439 2847 prolem
453 2764 590 2848 producit
603 2765 633 2826 in
648 2766 719 2827 aera
733 2764 814 2827 nido.

85 2864 286 2954 Hortaturque
302 2869 385 2952 sequi
398 2890 408 2947 3
430 2869 647 2953 damnosasque
663 2869 760 2932 erudit
774 2884 873 2934 artes:

86 2972 128 3038 Et
141 2988 243 3039 movet
256 2976 320 3059 ipse
336 2996 414 3050 suas,
430 2987 461 3038 et
472 2975 533 3037 nati
547 2975 668 3058 respicit
676 2976 748 3039 alas.

126 3079 195 3144 Hos
210 3080 323 3165 aliquis,
337 3077 465 3143 tremuit
479 3079 552 3142 dum
566 3093 666 3163 onptat
676 3079 818 3144 arundine
829 3082 938 3166 pisces,
1021 3088 1062 3148 35

84 3187 145 3250 Aut
159 3199 258 3270 pastor
272 3185 390 3262 baculo,
405 3172 516 3249 stivt've
530 3185 647 3248 innixus
662 3199 769 3264 arator,

83 3288 176 3368 Vidit,
189 3304 219 3354 et
228 3291 376 3375 obstupuit
389 3312 397 3353 ε
420 3290 530 3376 quique
542 3291 651 3355 ethera
664 3313 788 3377 carpere
802 3311 932 3380 possent,

84 3395 223 3461 Credidit
237 3418 303 3461 esse
318 3397 403 3462 deos.
447 3397 490 3462 Et
499 3398 564 3484 jam
578 3395 707 3462 Junonia
720 3400 794 3463 laevi

83 3501 175 3566 Parte
193 3501 301 3566 Samos
315 3501 440 3581 fuerant,
455 3503 619 3587 Delosque,
635 3503 790 3592 Parosque
804 3509 933 3573 relicte:

83 3604 202 3671 Dextra
216 3606 391 3690 Lebyntbos
405 3623 497 3689 erant,
512 3609 716 3699 foecundaque
729 3615 823 3682 melle
835 3613 1014 3701 inqmnez
1031 3617 1076 3674 tn

72 3708 152 3771 Odor
161 3731 243 3794 puer
254 3712 367 3778 sudaei
380 3718 477 3806 coepit
489 3721 632 3809 gaudere
645 3725 781 3808 volamr
