2264 4042
449 220 635 279 urtsronn
653 222 730 279 xnta

408 460 629 527 EPISTULA
650 462 737 527 XIII.

371 647 537 691 MODAMIA
559 648 769 691 PROTESILAO.

85 788 224 868 Mirm,
239 806 269 854 et
281 805 363 877 optat
376 815 489 870 amans,
501 795 560 877 qud
575 795 703 870 mittitur,
718 794 771 871 irc,
786 796 917 873 salutem,

51 948 55 957 ,
94 930 97 935 -
128 894 264 958 AEmonis
280 896 419 959 AEmonio
434 898 599 961 Laodamia
613 900 685 961 viro.

86 998 241 1063 Aulidem
258 999 336 1062 lama
351 1015 396 1064 est
411 1016 497 1065 vento
512 1004 654 1065 retinente
669 1004 786 1067 morari.

126 1104 178 1165 Ah
195 1105 201 1165 !
219 1126 266 1166 me
282 1104 350 1166 etim
366 1105 490 1188 sugeres,
505 1107 553 1169 hic
568 1107 616 1168 ubi
639 1123 744 1169 ventus
758 1105 844 1170 erat?

82 1204 166 1269 'lium
182 1206 253 1270 freta
269 1209 429 1272 debuerant
444 1211 544 1276 vestris
558 1211 701 1275 obsistere
715 1211 813 1274 remis.

125 1310 201 1373 Illud
217 1327 278 1375 erat
291 1314 372 1376 saevis
387 1315 456 1377 utile
470 1328 587 1398 tempus
601 1315 694 1397 aquis.

83 1414 196 1478 Oscula
210 1418 292 1500 plura
305 1419 377 1493 virq,
392 1419 586 1501 mandatoque
602 1419 683 1501 plura
698 1418 868 1481 dedissem:

126 1517 169 1581 Et
184 1534 250 1581 sunt
265 1542 332 1602 quae
347 1520 425 1583 volui
440 1521 540 1583 dicere
555 1523 637 1603 plura
648 1522 709 1582 tibi.

81 1621 200 1704 Raptus
215 1645 248 1684 es
262 1624 329 1684 hinc
346 1645 494 1705 praeceps:
510 1638 548 1687 et.
564 1624 611 1706 qui
626 1637 675 1685 tua
690 1624 755 1685 vela
769 1638 896 1699 vocaret,

124 1725 229 1800 Quem
243 1740 384 1808 cuperent
397 1741 505 1803 nautoe,
520 1749 575 1789 non
591 1749 657 1810 ego,
673 1741 775 1791 ventus
789 1741 861 1791 erat.
1007 1734 1046 1792 10

79 1827 195 1891 Ventus
210 1844 272 1891 erat
285 1831 378 1892 nautis
392 1845 485 1913 aptus,
500 1854 557 1893 non
573 1847 656 1915 aptus
670 1833 787 1896 amanti.

124 1930 229 1995 Solvor
245 1935 280 1995 ab
296 1935 443 2017 amplexu,
458 1934 629 2011 Protesilai,
643 1949 714 2016 tuo;

78 2034 254 2119 [inpiaque
269 2038 431 2101 mandantis
445 2041 534 2102 rerba
547 2038 719 2122 imperfecte
741 2042 894 2124 relinquit3

123 2139 183 2203 Vix
198 2140 266 2203 illud
282 2143 374 2224 potuit
388 2143 486 2204 dicere
501 2143 580 2204 triste
596 2141 716 2203 ‘Vale’

77 2242 215 2307 Incubuit
229 2244 354 2319 Boreas,
370 2246 547 2327 abreptaque
563 2244 626 2306 vela
648 2246 789 2322 tetendit3
1003 2253 1041 2309 15

120 2346 247 2432 Jamque
262 2370 347 2411 meus
360 2348 445 2430 longe
461 2348 638 2410 Protesilaus
652 2362 722 2408 erat.

76 2450 160 2513 Dum
175 2453 255 2534 potui
271 2465 404 2534 spectare
419 2452 522 2525 virum,
539 2464 671 2532 spectare
687 2450 828 2535 juvabat:

37 2534 42 2541 ’
122 2555 255 2640 Sumque
271 2572 335 2618 tuos
349 2556 450 2618 oculos
465 2577 556 2638 usque
571 2570 671 2618 secuta
686 2557 768 2620 meis.

76 2658 118 2722 Ut
132 2673 161 2721 te
176 2681 234 2721 non
249 2673 389 2743 poteram,
404 2674 535 2742 poteram
550 2674 600 2722 tua
613 2660 678 2722 vela
691 2662 811 2725 videre:

39 2816 42 2821 .
119 2763 195 2826 Vela
210 2764 258 2825 diu
274 2765 368 2826 vultus
382 2764 533 2827 detinuere
548 2786 640 2827 meos.

76 2868 116 2930 At
130 2882 283 2951 postquam
298 2889 353 2928 neo
368 2881 407 2943 te,
421 2889 477 2930 nec
491 2867 556 2930 vela
570 2867 683 2952 fugacia
704 2869 783 2951 vidi;

117 2971 161 3032 Et
175 2971 252 3055 quod
268 2984 441 3054 spectarem,
456 2972 504 3049 nil,
519 2972 572 3034 nisi
592 2987 705 3054 pontus,
721 2988 804 3053 erat;

72 3073 144 3137 Lux
160 3096 276 3158 quoque
290 3089 390 3138 tecum
405 3076 473 3137 abiit
485 3098 494 3153 ;
509 3076 635 3137 tenebris
649 3077 806 3159 exsanguis
820 3078 927 3143 obortis

117 3178 267 3253 Succiduo
283 3179 365 3241 dicor
379 3178 566 3263 procubuisse
586 3200 673 3260 genu.

71 3280 132 3344 Vix
148 3304 232 3344 socer
246 3282 382 3366 Iphiclus,
398 3283 447 3344 vix
462 3304 510 3344 me
524 3283 695 3366 grandaevus
710 3286 844 3363 Acastus,
991 3296 1033 3355 25

115 3384 176 3446 Vix
191 3401 283 3448 mater
296 3388 394 3468 gelida
407 3401 512 3451 moesta
525 3385 627 3449 refecit
641 3387 727 3470 aqui.

73 3489 211 3552 Officium
227 3490 325 3554 fecere
339 3491 429 3574 pium,
444 3492 497 3555 sed
508 3492 607 3555 inutile
622 3495 715 3559 nobis.

114 3595 252 3678 Indignor
266 3596 382 3660 miserae
397 3618 455 3660 non
469 3598 583 3661 licuisse
598 3599 681 3663 mori.
