2264 4042
96 282 155 341 128
404 268 779 330 METAMORPHOSEON
796 299 800 306 .

134 430 256 511 longus
270 431 299 491 in
315 445 467 512 angustum
484 428 542 511 quai
556 428 698 490 clauditur
718 425 942 508 Hellespontus,

90 534 163 597 llion
178 534 317 611 ardebat3
338 554 436 615 neque
451 533 548 595 adhuc
564 532 739 594 consederat
752 531 848 612 ignis:

91 636 302 720 Exiguumque
318 638 395 699 senis
410 636 521 698 Priami
536 636 618 698 Jovis
634 657 684 697 ara
699 655 835 696 cruorem

88 740 290 803 Combiberat.
335 740 476 803 Tractata
491 741 583 802 comis
599 740 722 801 antistita
739 737 847 799 Phoebi
933 768 939 779 ·
997 738 1045 801 405

88 844 158 906 Non
173 843 355 927 profecturas
369 844 509 907 tendebat
524 844 561 906 ad
577 844 684 905 aethera
699 843 824 925 palmas.

88 948 276 1011 Dardanidas
292 964 399 1010 matres
414 949 572 1031 patriorum
587 949 667 1029 signa
683 948 816 1021 deorum,

87 1050 171 1114 Dum
185 1053 262 1127 licet,
278 1053 439 1134 amplexas,
456 1072 656 1133 succensaque
672 1051 781 1133 templa
795 1063 932 1113 tenentes

89 1155 236 1218 Invidiosa
250 1157 368 1218 trahunt
381 1157 505 1217 victores
524 1155 643 1236 praemia
659 1154 752 1237 Graji.

89 1258 213 1321 Mittitur
227 1260 380 1340 Astyanax
395 1259 449 1321 illis
464 1259 502 1320 de
517 1258 652 1332 turribuS,
668 1259 747 1319 unde

88 1361 274 1443 Pugnautcm
289 1383 396 1444 prose,
411 1363 599 1444 proavitaque
614 1383 704 1444 regua
715 1377 858 1439 tuentem,

89 1464 177 1549 Saepe
192 1467 292 1529 videre
307 1482 431 1548 patrem,
446 1480 636 1528 monstratum
649 1488 667 1528 a
681 1480 784 1542 matre,
800 1467 921 1529 solebat.

88 1568 215 1654 Jamque
230 1572 308 1633 viam
323 1572 426 1633 suadet
441 1570 577 1649 Boreas3
600 1570 728 1654 flatuque
744 1572 875 1634 secundo
945 1584 949 1595 ’

89 1673 222 1736 Carbasa
236 1689 317 1735 rnota
331 1689 453 1736 sonant:
471 1675 557 1755 jubet
571 1677 611 1737 uti
626 1677 723 1738 navita
736 1676 838 1738 ventis,

89 1776 209 1859 ‘Troja‚
225 1778 288 1838 vale
302 1799 310 1836 ε
332 1777 480 1858 rapimur,'
495 1779 641 1839 clamant:
665 1780 793 1859 dantque
808 1779 910 1842 oscula
924 1792 1006 1841 terrae

86 1878 244 1940 Troades:
267 1893 297 1940 et
310 1879 408 1960 patriae
424 1878 563 1939 fumantia
577 1893 654 1939 tecta
669 1880 843 1963 relinquunt.
993 1885 1048 1945 416

87 1980 201 2059 Ultima
213 1981 384 2043 conscendit
398 1982 522 2042 classem
540 1980 717 2064 (miserabile
732 1986 810 2068 visu)

87 2086 122 2148 ln
136 2084 241 2148 mediis
256 2085 383 2148 Hecube
399 2100 531 2149 natorum
545 2087 662 2149 inventa
677 2090 827 2171 sepulcris.

87 2190 281 2254 Prensantem
296 2191 432 2266 tumulos,
449 2204 535 2273 atque
551 2192 663 2255 ossibus
677 2195 777 2255 oscula
793 2195 910 2257 dantem

86 2295 232 2359 Dulichiae
247 2297 363 2359 traxere
379 2318 493 2361 manus.
539 2296 656 2359 Tamen
671 2299 754 2361 unius
769 2300 873 2375 hausit,
992 2305 1050 2365 tao

87 2401 180 2484 lnque
196 2402 259 2462 sinu
274 2402 388 2463 cineres
403 2423 505 2463 secum
520 2403 583 2464 tulit
598 2401 737 2466 Hectoris
751 2405 881 2467 haustos.

87 2502 227 2566 Hectoris
241 2503 269 2563 in
284 2504 395 2563 tumulo
410 2525 517 2563 canum
533 2505 570 2564 de
585 2507 694 2567 vertice
709 2509 830 2584 crinem,

86 2606 207 2668 Inferias
222 2607 333 2686 inopes,
349 2605 458 2666 crinem
476 2607 700 2689 laclrrymasque
714 2613 857 2693 relinquit.

129 2709 195 2791 Est,
210 2709 259 2770 ubi
274 2709 367 2791 Troja
381 2707 443 2783 suit,
459 2708 594 2791 Phrygiae
610 2715 755 2776 contraria
769 2717 865 2793 tellus,

85 2813 223 2877 Bistoniis
234 2813 360 2874 habitata
374 2813 450 2874 viris.
488 2812 707 2896 Polymestoris
721 2819 779 2881 illic
987 2831 1048 2888 425

84 2917 181 2999 Regia
196 2916 277 2979 dives
292 2930 364 2992 crat,
379 2918 426 2979 cui
441 2931 470 2979 te
486 2920 630 2982 commisit
645 2923 781 2987 alendum

83 3020 182 3098 Clam,
199 3021 357 3104 Polydoro,
372 3036 465 3106 pater,
482 3023 675 3108 Phrygiisque
690 3030 813 3092 removit
824 3032 860 3092 ab
876 3034 973 3096 armis.

82 3125 244 3189 Consilium
260 3128 384 3208 sapiens,
399 3128 518 3190 sceleris
531 3130 585 3190 nisi
599 3134 718 3214 praemia
732 3156 852 3215 magnas

81 3230 248 3312 Adjecisset
262 3252 343 3312 opes,
359 3232 445 3292 animi
461 3233 605 3295 irritamen
621 3238 709 3298 avari.

73 3330 125 3394 'Ut
139 3334 245 3393 cecidit
260 3333 389 3395 Fortuna
404 3334 566 3418 Phrygum,
582 3338 660 3418 capit
673 3340 779 3421 impius
794 3363 895 3406 ensem
982 3352 1046 3411 430

29 3432 32 3437 ’
83 3436 154 3501 Rex
168 3435 332 3512 Thracum,
342 3437 504 3521 juguloque
521 3442 564 3502 sui
579 3441 678 3523 defigit
692 3444 818 3509 alumni:

81 3541 134 3619 Et,
149 3556 287 3626 tanquam
301 3542 359 3603 tolli
374 3564 442 3604 cum
458 3565 580 3631 corpore
595 3545 716 3610 crimina
729 3567 856 3634 possent,

61 3644 251 3713 Exanimem
268 3671 287 3713 e
302 3648 428 3737 scopulo
443 3646 594 3736 subjectas
604 3651 685 3717 niisit
694 3653 729 3717 in
739 3657 855 3741 undas.¹
