2264 4042
387 223 766 301 urrauoaeuosaou

456 597 594 665 LIBER
615 596 655 659 V.

246 888 388 931 ramnus
412 886 455 929 m·
479 887 564 930 socu
588 885 623 927 IN
640 883 719 925 SAXA
741 880 874 923 murm.

519 1116 549 1157 v.
576 1101 604 1157 1.

68 1259 211 1345 Dumque
227 1281 263 1324 ea
273 1259 452 1345 Cephenum
464 1259 564 1322 medio
577 1256 733 1321 Danaeius
746 1255 835 1318 heros

72 1365 201 1448 Agmine
216 1378 451 1444 commemorat3
473 1362 589 1428 fremitu
604 1360 715 1446 regalia
727 1359 818 1422 turba

69 1470 154 1534 Atria
168 1470 369 1555 complentur:
391 1491 448 1534 uec
464 1467 639 1554 conjugialia
654 1466 728 1529 sesta

71 1573 135 1650 Qui
149 1591 245 1653 canat,
257 1590 302 1640 est
316 1577 450 1656 clamor3
472 1575 525 1639 sed
541 1575 589 1659 qui
604 1573 668 1637 sera
680 1571 801 1636 nunciet
815 1590 906 1634 arma.

70 1679 164 1762 Inque
179 1681 346 1763 repentinos
360 1680 493 1743 convivia
507 1701 592 1743 versa
605 1679 745 1742 tumultus
1027 1677 1049 1736 5

70 1782 259 1845 Adsimulare
273 1781 348 1844 freto
362 1783 476 1865 possis:
499 1783 579 1865 quod
593 1802 670 1844 saeva
686 1782 818 1863 quietum

70 1883 236 1948 Ventorum
250 1885 346 1948 rabies
359 1886 446 1948 motis
459 1899 617 1969 exasperat
630 1884 726 1948 undis.

91 2026 97 2035 ·
115 1989 236 2053 Primus
249 1990 279 2052 in
293 1989 338 2053 his
353 1989 495 2067 Phineus,
510 1989 578 2053 belli
593 1990 766 2053 temerarius
780 2002 892 2066 auctor,

71 2092 253 2173 Fraxineam
264 2096 397 2180 quatiens
411 2109 505 2159 aeratae
520 2095 649 2180 cuspidis
662 2096 777 2160 hastam
789 2117 800 2175 3

70 2208 80 2240 ⁴
92 2200 152 2285 En,
165 2203 173 2234 ’
189 2202 237 2280 ait,
253 2209 309 2289 ‘en
324 2203 429 2267 adsum
443 2217 593 2288 praerepta
608 2202 740 2287 conjugis
755 2201 840 2266 ultor.
887 2184 889 2188 ’
1007 2205 1051 2262 10

72 2307 142 2372 Nec
157 2308 227 2372 mihi
241 2323 271 2372 te
286 2330 400 2394 penna,
415 2329 473 2374 nec
487 2307 593 2374 falsum
607 2329 708 2372 versus
722 2308 751 2370 iu
764 2327 868 2370 aurum

71 2409 196 2496 Jupiter,
212 2411 355 2493 eripient'
399 2411 527 2476 Conanti
538 2414 652 2477 mittere
667 2411 822 2505 Cepheus,

72 2510 173 2585 ‘Quid
188 2509 282 2574 sacis?
296 2511 304 2542 ’
316 2512 466 2575 exclamat
481 2535 489 2573 r
512 2521 597 2596 ‘quae
612 2528 651 2589 te,
667 2534 817 2596 germane,
833 2510 980 2575 furentem

71 2613 161 2679 Mens
177 2616 236 2698 agit
248 2615 278 2678 in
292 2614 428 2678 facinus?
473 2615 626 2678 Meritisne
640 2615 706 2678 baec
716 2617 810 2699 gratia
823 2617 908 2680 tantis

72 2719 245 2785 Redditur?
267 2718 326 2783 hirc
336 2721 426 2783 vitam
441 2735 560 2784 servatae
576 2722 645 2784 dote
660 2719 821 2806 rependis?
1007 2725 1049 2784 15

73 2824 177 2901 Quam
190 2825 241 2888 tibi
255 2846 314 2888 non
329 2824 470 2902 Perseus,
484 2848 589 2890 verum
604 2827 628 2891 si
643 2827 758 2911 quaeris,
774 2827 893 2902 ademit,

75 2927 139 2992 Sed
154 2948 243 3012 grave
259 2927 428 2992 Nereidum
442 2950 563 3007 numen,
578 2930 632 2993 sed
647 2931 781 3014 corniger
795 2930 937 3004 Ammon,

74 3033 137 3097 Sed
149 3055 213 3119 quae
228 3033 388 3100 visceribus
402 3034 538 3099 veniebat
551 3036 649 3099 bellua
663 3049 755 3120 ponto

73 3137 283 3202 Exsaturanda
297 3142 382 3226 meis.
428 3141 482 3204 Illo
496 3141 547 3205 tibi
561 3155 694 3225 tempore
710 3153 794 3223 rapta
808 3151 862 3213 est,

73 3241 146 3318 Quo
160 3245 289 3328 peritura
302 3242 365 3306 suit.
411 3245 477 3309 Nisi
492 3247 525 3323 si,
541 3245 677 3321 crudelis,
692 3245 723 3306 id
738 3245 833 3327 ipsum
1003 3248 1052 3308 20

74 3346 190 3430 Exigis,
205 3362 238 3410 ut
251 3362 375 3432 pereat:
397 3350 537 3435 luctuque
552 3350 688 3413 levabere
703 3350 822 3411 nostro'

75 3448 197 3514 Scilicet
209 3449 290 3512 haud
306 3451 374 3514 satis
388 3465 442 3529 est,
455 3452 545 3535 quiid,
560 3445 590 3514 te
605 3463 767 3534 spectante,
782 3451 913 3514 revincta
928 3464 993 3530 est;

73 3550 116 3615 Et
130 3551 239 3616 nullam
255 3551 334 3635 qudd
349 3574 439 3636 opem
453 3568 574 3638 patruus
589 3574 749 3636 sponsusve
764 3553 871 3617 tulisti:

74 3652 208 3742 Insuper,
224 3675 241 3720 a
256 3675 405 3740 quoquam
420 3654 500 3741 qubd
515 3655 688 3733 adservata,
704 3656 818 3722 dolebis
833 3679 842 3736 3
