2264 4042
435 611 574 677 LIBER
594 610 649 675 Vl.

302 888 401 932 NIOBE
425 889 460 930 ΙΝ
484 886 633 930 STATUAM
654 885 794 929 amram.

489 1022 517 1100 ν’.
544 1043 615 1101 rte.

58 1172 141 1236 Ante
157 1188 225 1231 suos
239 1165 337 1229 Niobe
351 1166 494 1229 thalamos
506 1179 687 1250 cognoverat
699 1165 789 1242 illam,

57 1276 145 1340 Turn
159 1273 228 1337 curn
243 1271 400 1335 Maeoniam
415 1272 495 1355 virgo
512 1271 708 1355 Sipylumque
723 1270 850 1333 colebat.

59 1380 133 1446 Nec
147 1392 248 1441 tamen
263 1377 411 1440 admonita
425 1391 470 1440 est
483 1376 573 1462 poenb
587 1377 735 1460 popularis
748 1377 904 1440 Arachnes

61 1484 185 1550 Cedere
200 1482 354 1559 coelitibus,
369 1483 525 1566 verbisque
536 1482 696 1544 minoribus
710 1481 762 1542 uti.

61 1590 161 1655 Multa
175 1589 285 1652 dabant
299 1589 422 1650 animos.
469 1587 533 1648 Sed
548 1586 626 1648 enim
641 1606 698 1647 nec
713 1583 845 1669 conjugis
859 1597 945 1661 artes,
1014 1590 1033 1649 5

63 1694 134 1761 Neo
148 1715 242 1778 genus
257 1693 421 1768 amborum,
436 1690 593 1775 magnique
609 1689 737 1774 potentia
750 1690 842 1774 regni,

40 1853 43 1856 ,
64 1800 118 1865 Sic
132 1799 274 1884 placuere
288 1798 339 1873 ilii,
355 1797 487 1882 quamvis
502 1818 539 1879 ea
554 1810 660 1861 cuncta
674 1796 840 1880 placebant,

62 1902 108 1969 Ut
121 1927 176 1968 sua
189 1903 345 1990 progenies
362 1925 370 1964 r
393 1917 423 1966 et
436 1901 605 1966 felicissima
619 1916 746 1965 matrum

63 2010 159 2075 Dicta
172 2008 248 2072 soret
261 2007 370 2085 Niobe,
385 2008 409 2071 si
423 2030 482 2070 non
497 2007 550 2071 sibi
565 2008 626 2070 visa
640 2007 752 2077 suisset.

54 2108 149 2181 'Nam
164 2128 227 2178 sata
241 2112 367 2190 Tiresiti,
381 2104 495 2176 venturi
509 2112 641 2196 praescia,
656 2111 760 2176 Manto

64 2221 130 2286 Per
143 2219 259 2283 medias
273 2218 377 2296 suerat,
392 2219 490 2281 divino
501 2218 617 2282 concita
630 2232 723 2297 motu,

65 2324 237 2390 Vaticinata
250 2324 331 2387 vias:
354 2323 547 2396 ‘Ismenides
561 2323 600 2384 ite
615 2319 794 2403 frequentes,

67 2428 114 2496 Et
127 2431 197 2495 date
212 2437 344 2505 Latonae,
360 2427 608 2510 Latonigenisque
619 2409 744 2502 duobus,

69 2535 154 2601 Cum
167 2556 258 2621 prece
274 2536 360 2598 thura
374 2531 445 2617 piriz
466 2533 606 2616 lauroque
622 2532 758 2597 innectite
773 2533 896 2598 crinem.

70 2640 136 2706 Ore
150 2662 221 2704 meo
235 2640 352 2703 Latona
361 2639 469 2724 jubet!
487 2686 497 2695 -.
512 2637 638 2702 Paretur
651 2661 659 2701 ε
672 2653 711 2707 et
724 2660 828 2704 omnes
1000 2647 1039 2704 15

70 2745 249 2830 Thebaides
259 2745 349 2830 jussis
364 2767 417 2808 sua
430 2759 565 2828 tempora
580 2743 731 2810 frondibus
745 2759 869 2808 ornant:

71 2850 238 2934 Thuraque
254 2851 324 2913 dant
338 2849 455 2925 sanctis,
471 2862 501 2911 et
514 2850 604 2911 verba
617 2851 777 2933 precantia,
793 2850 929 2916 fiatnrnis.

118 2956 205 3020 Ecce
220 2955 299 3018 venit
312 2955 453 3046 comitum
468 2955 567 3019 Niobe
581 2955 772 3017 celebenima
786 2955 881 3031 turbis,

73 3062 216 3128 Vestibus
230 3061 340 3124 intexto
355 3059 492 3143 Phrygiis
506 3059 671 3142 spectabilis
685 3081 776 3123 aum:

75 3166 130 3245 Et,
146 3181 287 3251 quantum
300 3166 344 3229 ira
358 3164 433 3240 sinit,
448 3150 597 3226 formosa:
618 3185 798 3249 movensque
813 3164 923 3232 decoro
1001 3174 1045 3234 20

76 3273 160 3337 Cum
174 3271 271 3354 capite
285 3271 431 3334 immissos
444 3270 600 3332 humerum
614 3291 667 3352 per
681 3284 835 3357 utrumque
850 3273 972 3359 capillos

77 3376 236 3443 Constitit:
257 3390 346 3458 utque
361 3376 463 3439 oculos
477 3375 652 3439 circumtulit
667 3377 724 3438 alta
739 3380 899 3462 superb0s;

77 3482 178 3557 ‘Quis
193 3480 272 3544 furor
287 3481 421 3558 auditos,’
436 3481 536 3565 inquit,
553 3487 744 3565 ‘preponere
759 3484 826 3548 visis

80 3586 257 3653 Coelestes?
280 3602 330 3650 aut
343 3608 397 3650 cur
407 3587 509 3650 colitur
523 3586 641 3652 Latona
653 3610 707 3676 per
722 3611 815 3673 aras3

74 3692 198 3755 Numen
207 3693 307 3757 adbuc
316 3694 381 3758 sine
395 3694 482 3781 fflrue
493 3719 600 3766 meum
608 3698 681 3768 est?
704 3696 1092 3768 Mihi'tmtnnsaucrn,

75 3820 235 3905 θ’.
