2264 4042
467 460 647 538 FASTI.

162 791 245 854 LIB.
268 791 324 855 Ill.
351 798 379 854 l.
404 790 490 854 LIB.
512 791 553 853 Il.
578 793 650 853 383.
674 787 758 851 LIB.
780 786 835 851 IV.
858 790 932 851 809.

374 999 523 1041 ROMULUS
547 999 589 1039 ΕΤ
612 997 731 1040 REMUS·

64 1126 226 1204 Bennrcn,
244 1126 384 1210 depositis
399 1105 506 1210 clypeo
520 1125 668 1210 paulisper
683 1138 714 1188 et
731 1122 826 1200 hasti,

107 1230 200 1307 Mars,
216 1232 308 1301 ades;
324 1246 354 1294 et
367 1231 473 1295 nitidas
489 1231 604 1294 casside
617 1231 698 1292 solve
713 1248 826 1290 eomas.

62 1333 131 1421 lpse
146 1336 229 1399 vides
249 1338 383 1400 manibus
397 1335 500 1419 peragi
515 1334 578 1396 fera
591 1334 670 1397 bella
684 1333 837 1396 Minervae.

107 1440 192 1504 Num
207 1441 304 1503 mimis
318 1441 450 1523 ingenuis
465 1440 573 1502 artibus
587 1439 637 1500 illa
650 1437 761 1501 vacet?

67 1545 201 1609 Palladis
216 1546 356 1629 exemplo
369 1544 514 1627 ponenda
529 1556 665 1624 tempora
680 1562 764 1604 sume

105 1649 268 1733 Cuspidis:
282 1648 414 1711 invenies
429 1661 459 1710 et
474 1647 552 1731 quod
567 1645 686 1708 inermis
701 1666 782 1729 agas.

60 1754 145 1818 Tum
162 1776 279 1839 quoque
294 1754 413 1816 inermis
428 1775 502 1829 eras,
516 1753 585 1816 crim
601 1766 630 1815 te
646 1751 787 1817 Romana
801 1752 941 1817 sacerdos

15 1864 25 1892 ¹
105 1859 205 1944 Cepit,
221 1874 253 1923 nt
267 1861 336 1922 huic
350 1857 426 1922 Urbi
441 1860 554 1922 semina
570 1860 658 1943 digna
673 1859 770 1923 dares.

59 1965 115 2029 llia
128 1963 256 2028 Vestalis
273 1964 358 2051 (quid
374 1966 452 2028 enim
466 1978 545 2029 vetat
559 1965 628 2027 inde
648 1965 760 2028 moveri
772 1964 800 2047 ?)

106 2071 199 2133 Sacra
214 2073 357 2135 lavaturas
372 2072 459 2134 mand
475 2071 596 2156 petebat
610 2090 713 2152 aquas.

59 2172 192 2239 Ventum
208 2192 271 2240 erat
286 2179 323 2239 ad
338 2177 418 2239 molli
435 2175 580 2238 declivem
595 2175 710 2237 tramite
726 2175 839 2257 ripam:

106 2280 232 2344 Ponitur
246 2304 263 2344 e
279 2279 396 2344 snmmd
409 2281 505 2343 fictilis
518 2301 593 2341 urna
607 2278 705 2341 eumd.

61 2383 158 2448 Fessa
172 2386 283 2449 resedit
292 2386 374 2447 humi
387 2408 397 2466 3
419 2398 581 2468 ventosque
598 2384 715 2468 accepit
729 2397 831 2468 aperto

104 2489 234 2553 Pectore
247 2513 257 2569 3
270 2491 401 2554 turbatas
411 2490 596 2573 restituitque
611 2511 723 2554 comas.

58 2593 144 2657 Dum
156 2595 251 2672 sedet,
267 2596 411 2659 umbrosae
430 2596 545 2673 salices,
560 2597 755 2681 volucresque
770 2619 885 2662 canorae
998 2604 1036 2662 15

102 2698 255 2764 Fecerunt
270 2724 398 2779 somnos,
413 2716 443 2766 et
457 2704 523 2766 leve
538 2725 779 2788 murmuraque.

58 2803 179 2868 Blanda
193 2807 276 2889 quies
290 2808 374 2870 victis
389 2806 486 2870 furtim
502 2809 632 2893 subrepit
645 2810 757 2885 ocellis,

102 2909 145 2973 Et
159 2912 238 2974 cadit
253 2935 270 2974 a
286 2926 385 2975 mento
399 2913 537 2997 languida
551 2913 630 2977 sacta
644 2937 759 2978 manus.

58 3015 218 3099 Languida
233 3019 390 3101 consurgit,
405 3040 462 3080 nec
478 3019 532 3081 scit
546 3040 599 3080 cur
612 3018 751 3102 languida
766 3035 885 3103 surgat:

10 3200 12 3217 Ι
100 3120 144 3184 Et
158 3123 270 3205 peragit
284 3124 357 3186 tales
373 3123 477 3185 arbore
491 3123 562 3184 nixa
581 3145 689 3188 sonos:
988 3133 1031 3194 20

58 3222 160 3317 ‘Utile
176 3227 211 3288 sit
227 3226 422 3312 faustumque,
439 3249 555 3311 precor,
571 3229 650 3311 qnod
665 3229 792 3314 imagine
808 3233 903 3296 somni

99 3328 258 3393 Vidimus:
273 3340 311 3394 ar'r
325 3354 429 3396 somno
440 3334 546 3396 clarius
559 3333 630 3396 illud
645 3333 729 3420 erat?
767 3358 771 3369 ·

54 3435 175 3519 Ignibus
188 3434 284 3499 Iliacis
299 3437 441 3501 aderam:
462 3425 533 3503 oiim
548 3439 629 3523 lapsa
643 3441 755 3525 capillis

99 3539 223 3603 Decidit
237 3555 304 3603 ante
320 3563 420 3606 sacros
433 3544 518 3609 lanea
533 3545 604 3609 vitta
620 3545 713 3613 locus.

45 3643 124 3704 Inde
135 3643 201 3705 duae
212 3645 328 3726 pariter
343 3644 422 3732 (visu
436 3651 589 3741 mirabile)
608 3655 721 3743 palme
1012 3652 1062 3707 ‘25
