2264 4042
113 240 155 303 aa
416 221 792 291 unrauoaruosaou

113 391 203 456 Venit
216 408 246 455 et
261 392 299 456 ad
314 390 461 475 Cyanen:
483 411 530 467 ea,
544 391 574 452 ni
588 402 700 471 mutata
710 387 821 463 suisset,

113 497 223 581 Omnia
236 497 391 573 nmrisset,
407 497 461 560 sed
476 509 553 560 etos
568 508 598 558 et
611 495 711 576 lingua
722 492 830 556 volenti

112 601 224 665 Dicere
238 624 297 665 non
313 602 455 665 aderant:
475 623 543 676 nec,
559 621 618 684 quo
632 600 811 682 loqueretur,
825 592 966 660 habebat.
1043 656 1053 680 ς
1102 641 1105 648 ·

113 705 204 790 Signa
218 722 316 770 tamen
333 705 487 770 manifesta
501 705 603 769 dedit:
625 717 784 787 notamque
799 701 921 787 parenti,
1018 704 1078 765 305

111 809 164 874 Illo
179 811 252 875 sorte
268 812 335 876 loco
350 813 512 897 delapsam,
527 811 639 894 gurgite
655 829 739 872 sacro

111 915 319 1000 Persephones
334 939 439 980 zonam
450 917 572 981 summis
586 916 712 979 ostendit
725 915 754 977 in
770 915 865 976 undis.

111 1020 215 1097 Quam
228 1023 313 1086 simul
328 1023 452 1104 agnovit,
466 1036 606 1105 tanquam
620 1035 682 1083 turn
698 1021 825 1104 denique
839 1034 954 1105 raptam

111 1125 233 1203 Scisset,
248 1128 394 1189 inornatos
408 1126 524 1189 laniavit
537 1126 606 1188 diva
618 1125 761 1208 capillos:

111 1229 154 1294 Et
167 1232 289 1315 repetita
304 1231 362 1294 suis
376 1231 519 1314 percussit
533 1244 654 1313 pectora
668 1227 784 1313 palmis.
1019 1234 1086 1294 310

110 1336 143 1398 N
144 1358 180 1399 ec
196 1337 249 1399 scit
263 1337 360 1399 adhuc
375 1337 424 1399 ubi
440 1337 495 1399 sit:
517 1350 608 1399 terras
622 1349 721 1398 tamen
735 1336 868 1420 increpat
881 1357 1010 1416 omnes;
1081 1324 1085 1329 ’

110 1440 301 1525 ingratasque
315 1455 412 1519 vocat,
426 1463 483 1505 nec
498 1439 614 1524 frugum
628 1463 751 1525 munera
766 1443 878 1525 dignas.

110 1545 294 1611 Trinacriam
311 1561 378 1610 ante
392 1548 473 1624 alias,
487 1549 515 1611 in
532 1546 592 1631 qui
602 1547 723 1630 vestigia
738 1548 837 1611 damni

110 1650 246 1735 Reperit.
292 1652 375 1734 Ergo
389 1653 448 1715 illic
462 1654 540 1716 saevit
553 1645 695 1717 vertentia
709 1655 810 1736 glebas

110 1753 213 1837 Fregit
224 1770 318 1818 aratra
332 1777 444 1833 marru3
464 1757 606 1839 parilique
620 1758 692 1818 irata
703 1759 823 1818 colonos
1017 1762 1084 1823 315

109 1856 325 1941 Ruricolasque
340 1859 431 1922 boves
445 1859 504 1922 leto
519 1860 622 1939 dedit;
645 1882 771 1944 arvaque
781 1861 867 1946 jussit

111 1960 228 2024 Fallere
244 1962 420 2046 depositum,
435 1963 591 2047 vitiataque
607 1965 718 2028 semina
733 1963 812 2028 fecit.
911 1982 913 1987 ·

109 2065 256 2132 Fertilitas
270 2083 364 2144 terra,
379 2069 469 2131 latum
483 2069 600 2153 vulgata
613 2093 667 2154 per
681 2071 795 2149 orbem,

109 2171 204 2237 Cassa
214 2174 315 2259 jacet:
337 2175 438 2257 primis
453 2190 568 2258 segetes
582 2178 743 2240 moriuntur
757 2178 787 2240 in
796 2178 917 2241 herbis:

107 2277 149 2343 Et
164 2279 254 2343 modd
269 2280 441 2358 soluimus,
455 2281 562 2345 nimius
576 2282 666 2345 modo
681 2283 799 2367 corripit
812 2282 915 2345 imber.
1013 2289 1081 2349 320

108 2385 283 2468 Sideraque,
298 2387 435 2470 ventique
449 2402 575 2451 nocent:
598 2389 748 2474 avideque
763 2390 897 2452 volucres

64 2534 67 2539 ,
107 2489 229 2552 Semina
239 2489 321 2572 jacta
334 2489 455 2570 legunt:
476 2491 587 2565 lolium,
603 2494 756 2576 tribulique
772 2492 891 2578 fatigant

103 2590 251 2655 Triticeas
265 2613 387 2668 messes,
402 2605 433 2654 et
446 2592 672 2676 inexpugnabile
687 2616 819 2677 gramen,

30 2726 35 2735 ·
106 2700 109 2705 ’
149 2697 229 2761 Crim
244 2711 334 2780 caput
348 2695 432 2760 Eleis
449 2697 590 2781 Alpheias
605 2698 708 2762 extulit
721 2702 825 2764 undis:
940 2783 943 2789 ι

106 2803 313 2886 Rorantesque
328 2823 429 2866 comas
441 2823 459 2864 a
473 2800 567 2865 fronte
581 2805 706 2868 removit
721 2806 759 2868 ad
774 2828 879 2872 aures:
1009 2814 1079 2877 825

104 2911 204 2993 Atque
219 2909 279 2972 ait:
302 2909 353 2971 ‘O
366 2922 426 2972 toto
442 2909 566 2993 quesite
581 2910 696 2993 virginis
710 2912 792 2988 orbe,
1024 2918 1029 2927 '

30 3073 34 3078 .
104 2988 147 3079 Ei
160 3012 275 3097 frugum
290 3015 424 3097 genitrix,
439 3015 598 3078 immensos
612 3017 679 3079 siste
694 3018 830 3082 labores:

77 3174 80 3179 ,
105 3119 192 3182 Neve
203 3121 254 3183 tibi
268 3121 334 3183 fidae
348 3121 496 3185 violenta
489 3143 616 3184 nascere
630 3136 729 3185 terrae.

103 3223 201 3286 Terra
214 3225 284 3288 nihil
298 3225 425 3287 meruit:
446 3227 597 3309 patuitque
611 3228 699 3289 invita
713 3227 831 3308 rapina.

102 3330 172 3392 Nec
187 3352 251 3393 sum
266 3351 320 3412 pro
334 3327 427 3412 patriai
440 3331 585 3415 supplex:
607 3333 665 3393 huc
679 3331 793 3413 hospita
806 3334 884 3396 veni.
1006 3336 1090 3411 Ἠ,

103 3433 175 3499 Pisa
188 3433 258 3496 mihi
271 3432 365 3517 patria
380 3448 445 3512 θεῖς
466 3448 496 3497 et
511 3437 547 3498 ab
563 3435 652 3498 Elide
668 3434 802 3499 ducunus
819 3452 926 3502 ortum.

105 3520 254 3606 Sicaniam
268 3539 421 3622 peregriua
435 3540 520 3602 colo:
543 3542 596 3604 sed
610 3540 717 3623 gratior
731 3544 810 3606 omni

104 3644 181 3712 Haec
194 3644 265 3709 mihi
280 3658 358 3709 terra
372 3644 434 3709 solo
449 3658 503 3707 est.
549 3643 616 3710 Hos
629 3667 708 3710 nunc
721 3648 870 3715 Arethusa
884 3663 1016 3735 penates,
