2264 4042
501 238 616 296 LIBER
632 234 657 293 Ῑ.

89 396 155 464 Ver
169 412 233 463 erat
246 412 398 475 aternum,
412 396 581 484 placidique
594 394 762 482 tepentibus
776 395 855 461 auris

89 502 265 569 Muloebaut
280 506 402 590 zephyri
415 518 499 570 natos
514 505 577 569 sine
592 505 705 569 semine
720 502 828 597 floreta

90 606 167 671 Mox
182 608 272 692 etiam
286 607 385 692 fruges
399 609 485 672 tellus
498 608 610 672 inarata
623 605 757 671 serebat:

88 708 123 774 N
123 733 160 774 ee
174 725 330 775 renovatus
343 732 415 796 ager
429 697 555 796 giavidu
569 711 696 775 canebat
710 708 813 772 aristis.
1006 706 1066 768 110

89 814 230 881 Flumina
239 817 303 904 jam
316 819 411 896 lautia,
421 818 487 905 jam
501 817 623 881 flumina
636 816 763 880 nectaris
776 814 872 879 ibant:
939 850 942 859 ·

89 917 244 1007 Flavaque
260 923 298 985 de
312 922 396 985 viridi
411 921 556 987 stillabant
569 921 637 985 iliae
651 919 750 983 mella.

131 1010 306 1109 Postquam,
323 1024 451 1089 Saturno
465 1026 622 1089 tenebrosa
635 1024 666 1087 in
680 1020 808 1087 'l'artara
821 1021 923 1098 misso,

88 1126 154 1190 Sub
169 1126 245 1191 Jove
260 1129 388 1191 mundus
403 1141 487 1208 erat3
509 1127 596 1191 subiit
610 1139 751 1211 argentea
764 1124 873 1211 proles,

88 1230 173 1293 Auro
189 1230 325 1308 deterior,
341 1228 421 1295 fulvo
435 1230 675 1316 pretiosiorem.
1003 1222 1064 1287 lli

87 1331 204 1416 Jupiter
218 1332 327 1417 antiqui
342 1333 488 1397 contraxit
501 1347 638 1419 tempora
651 1330 748 1397 veriet

87 1434 209 1519 Perque
224 1436 349 1513 hiemes,
364 1453 520 1522 estusque,
536 1452 566 1501 et
580 1426 740 1521 inequales
754 1448 921 1510 autumnos,

87 1534 132 1602 Et
145 1538 236 1601 breve
251 1560 314 1615 ver,
330 1540 429 1622 spatiis
444 1539 545 1622 exegit
560 1553 685 1622 quatuor
700 1556 821 1599 annum.

87 1638 171 1703 Tum
185 1640 313 1724 primum
328 1640 415 1704 siccis
429 1642 481 1703 adr
495 1638 658 1704 fervoribus
671 1648 753 1703 ustus

88 1744 241 1810 Canduit:
264 1760 294 1809 et
307 1745 400 1810 ventis
414 1745 524 1830 glacies
540 1747 679 1811 adstricta
692 1745 843 1831 pependit.
1005 1749 1066 1810 120

86 1852 170 1915 Tum
185 1852 313 1936 primum
327 1847 444 1917 subiere
461 1853 575 1916 domos.
620 1852 739 1917 Domus
754 1866 838 1917 antra
850 1850 979 1931 literunt,

86 1953 131 2018 Et
145 1955 228 2017 densi
243 1952 371 2032 liutiees,
388 1969 418 2019 et
431 1956 535 2019 vincte
550 1956 661 2020 cortice
677 1957 775 2041 virga.

88 2057 212 2121 Semina
226 2072 289 2121 tum
303 2058 431 2142 primirm
445 2059 539 2142 longis
554 2057 694 2123 Cerealia
708 2060 798 2123 sulcis

18 2210 24 2221 .
87 2159 204 2224 Obruta
219 2175 294 2237 sunt,
309 2161 462 2245 pressique
472 2161 547 2248 jugo
562 2163 705 2246 gemuere
716 2163 849 2247 juvenci.

129 2263 234 2326 Tertia
247 2277 314 2347 post
327 2264 391 2327 illas
406 2266 549 2327 successit
563 2267 658 2326 aenea
672 2265 780 2346 proles,
1004 2269 1064 2330 125

86 2346 198 2429 Saevior
212 2366 345 2450 ingeniis,
361 2380 392 2428 et
407 2366 445 2428 ad
460 2365 579 2428 horrida
593 2365 755 2449 promptior
770 2387 872 2446 arma3

85 2470 155 2534 Nec
170 2472 315 2535 scelerata
328 2484 438 2534 tamen.
483 2468 535 2534 De
550 2471 625 2534 duro
640 2484 685 2534 est
698 2470 800 2535 ultima
814 2470 904 2536 ferro.

86 2577 225 2642 Protinus
239 2578 373 2663 irrumpit
386 2600 468 2641 venae
483 2577 591 2663 pejoris
605 2578 635 2640 in
650 2600 746 2641 evum

86 2683 187 2747 Omne
201 2683 306 2747 nefas:
329 2683 432 2768 fugere
447 2684 553 2768 pudor,
568 2706 743 2769 verumque,
758 2674 915 2770 fidesque:

84 2789 120 2854 ln
135 2812 262 2874 quorum
277 2791 393 2854 subiere
408 2791 508 2853 loeum
523 2789 712 2874 fraudesque,
729 2791 858 2877 dolique,
984 2824 987 2829 ·
1002 2798 1062 2859 130

84 2894 275 2980 Insidiaeque,
291 2910 321 2959 et
336 2897 387 2972 vis,
404 2910 433 2958 et
449 2919 531 2960 amor
547 2899 707 2960 sceleratus
721 2898 863 2962 habendi.

58 2983 61 2989 ¹
84 3000 162 3065 Vela
176 3002 266 3065 dabat
279 3002 383 3080 ventis,
399 3023 455 3065 nec
472 3002 569 3065 adhuc
584 3002 663 3065 bene
678 3017 799 3065 noverat
812 3003 876 3068 illos

85 3107 213 3170 Navita:
235 3127 359 3191 quaeque
376 3108 426 3170 diu
441 3107 626 3171 steterentin
639 3107 787 3171 montibus
802 3108 874 3188 altis,

85 3210 241 3276 Fluctibus
255 3213 359 3296 ignotis
373 3211 549 3277 insultavere
565 3212 682 3276 camna.

86 3315 346 3402 Communemque
361 3317 452 3402 priris,
467 3340 524 3381 ceu
539 3319 650 3380 lumina
664 3318 732 3382 solis
748 3334 778 3382 et
792 3342 888 3402 auras,
1001 3332 1061 3392 135

83 3421 201 3487 Cautus
215 3425 341 3486 humum
355 3425 443 3509 longo
458 3425 582 3509 signavit
595 3424 685 3488 limite
701 3447 863 3517 mensor*

84 3528 153 3593 Nec
167 3531 281 3593 tantum
297 3516 413 3614 segetes
429 3531 625 3615 alimentaque
641 3532 742 3595 debita
755 3533 838 3596 dives
885 3520 889 3528 ⁵
983 3590 988 3615 ·.

83 3628 270 3696 Posoebatur
283 3633 392 3696 humus
404 3656 414 3713 ;
437 3635 490 3698 sed
505 3635 578 3698 itum
594 3649 639 3698 est
652 3635 682 3698 in
697 3635 814 3700 viscera
825 3650 930 3701 terreat

350 3733 389 3795 l*
861 3746 864 3751 ’
