2264 4042
46 217 74 276 ρ
345 201 721 263 METAMORPHOSEON

54 367 106 432 Sic
123 382 186 432 erat
199 366 337 431 instabilis
351 365 446 441 tellus,
462 363 595 427 innabilis
608 362 699 438 unda,

51 469 151 547 Lucis
160 492 251 556 egens
266 471 339 532 aere
360 468 498 554 nullisua
513 465 608 530 forma
622 465 771 544 manebat.
824 518 827 521 .

52 573 257 658 Obstabatque
272 571 334 634 aliis
349 571 448 634 aliud:
472 570 540 654 quia
554 590 679 656 corpore
694 568 724 630 in
738 588 798 630 uno

51 673 174 760 Frigida
188 675 358 760 pugnabant
372 672 483 750 calidis,
498 672 651 735 humentia
665 670 761 747 siccis,

50 775 154 841 Mollia
168 800 238 841 cum
254 777 343 853 duris,
359 776 420 839 sine
435 776 567 860 pondere
582 773 722 838 habentia
736 772 861 858 pondus.

93 878 183 943 Hanc
199 879 292 943 Deus
302 893 332 942 et
345 879 448 942 melior
463 879 544 942 litem
560 878 675 942 Natura
690 876 825 940 diremit:

54 982 137 1048 Nam
152 983 230 1046 coelo
244 997 347 1058 terras,
364 995 394 1045 et
407 982 492 1045 terris
507 981 631 1045 abscidit
645 980 749 1056 undae,

50 1083 94 1150 Εἰ
108 1085 251 1169 liquidum
267 1084 360 1168 spisso
375 1084 502 1147 secrevit
516 1084 553 1147 ab
570 1087 639 1147 abre
654 1083 775 1146 coelum.

51 1186 128 1262 Quae
141 1201 297 1271 postquam
312 1187 428 1263 evolvit,
444 1208 585 1271 caecoque
601 1186 713 1250 exemit
728 1203 845 1258 acervo,
943 1199 947 1204 ·

49 1292 216 1356 Dissociata
230 1292 304 1355 locis
319 1291 459 1355 concordi
469 1299 549 1375 'paee
565 1291 672 1374 ligavit.

50 1396 142 1481 Ignea
156 1397 283 1460 convexi
298 1397 341 1459 vis
356 1410 386 1459 et
401 1395 463 1459 sine
477 1397 610 1481 pondere
627 1396 695 1459 coeli

51 1498 196 1576 Emicuit,
212 1498 387 1583 summique
402 1499 501 1562 locum
516 1500 569 1562 sibi
584 1499 655 1582 legit
668 1499 698 1561 iu
714 1519 793 1562 arce.

50 1599 212 1665 Proximus
227 1617 272 1665 est
286 1605 337 1665 ae'r
351 1603 390 1664 illi
405 1603 532 1679 levitate,
547 1602 694 1687 locoque:

52 1706 184 1770 Densior
199 1707 244 1769 his
259 1707 366 1769 tellus:
389 1707 598 1790 elementaque
613 1709 734 1790 grandia
748 1708 858 1785 traxit3

50 1809 94 1874 Et
107 1833 211 1895 pressa
224 1825 269 1874 est
283 1810 423 1894 gravitate
439 1812 494 1873 sui.
540 1809 744 1874 Circumfluus
758 1813 864 1874 humor

50 1913 163 1980 Ultima
177 1915 318 2000 possedit,
334 1915 520 1999 solidumque
536 1917 668 1979 coercuit
681 1917 795 1980 orbem.

95 2021 147 2085 Sic
163 2022 212 2084 ubi
228 2008 407 2105 dispositam,
424 2021 554 2105 quisquis
569 2019 622 2084 fuit
635 2023 684 2084 ille
699 2023 833 2098 deorum,

52 2121 234 2210 Congeriem
249 2125 352 2200 secuit,
367 2137 539 2207 sectamque
555 2125 583 2186 iu
598 2125 734 2187 membra
747 2110 861 2208 redegit
869 2146 879 2204 3

52 2223 203 2310 Principio
216 2240 336 2303 terram,
351 2248 390 2288 ne
405 2247 464 2289 non
480 2227 599 2310 aequaiis
614 2229 651 2289 ab
666 2227 746 2289 omni

51 2330 142 2394 Parte
157 2330 242 2408 soret,
258 2333 356 2415 magui
372 2334 502 2416 speciem
518 2333 691 2416 glomeravit
704 2333 733 2395 in
748 2332 836 2396 orbis.

51 2431 135 2495 Tum
150 2431 224 2495 freta
239 2433 372 2509 diffundi,
388 2435 556 2517 rabidisque
572 2449 739 2498 tumescere
754 2436 848 2499 ventis

51 2532 152 2611 Jussit,
168 2548 199 2597 et
213 2535 328 2597 ambite
340 2534 527 2596 circumdare
542 2535 638 2598 littora
652 2550 748 2599 terrae.

53 2637 179 2700 Addidit
194 2650 223 2699 et
237 2634 342 2712 sontes,
356 2636 561 2719 immensaque
577 2651 689 2720 stagna,
704 2639 845 2722 lacusque
858 2661 868 2717 3

52 2736 250 2822 Fluminaque
265 2739 389 2823 obliquis
403 2739 496 2801 cinxit
511 2740 636 2804 declivia
650 2741 738 2824 ripist

27 2880 34 2889 ι
53 2839 131 2915 Quae
147 2841 263 2903 diversa
276 2841 349 2904 locis
363 2841 468 2925 partim
483 2842 636 2906 sorbentur
652 2844 688 2906 ab
703 2843 789 2926 ipsd3

50 2941 87 3009 Iu
102 2964 184 3005 mare
200 2943 374 3027 perveniunt
387 2943 503 3027 partim,
519 2966 686 3030 campoque
701 2960 822 3032 recepta

52 3043 214 3108 Liberioris
230 3066 323 3129 aquae,
338 3047 476 3130 proripis
491 3047 586 3112 littora
600 3049 727 3132 pulsant.

52 3144 143 3210 Jussit
157 3161 188 3210 et
202 3146 323 3210 extendi
337 3169 469 3233 campos,
485 3151 637 3215 subsidere
652 3153 753 3229 vallea,

53 3249 174 3314 Fronde
189 3252 248 3335 tegi
264 3253 359 3329 silvas,
374 3254 523 3338 lapidosos
536 3279 656 3340 surgere
672 3273 798 3322 montes.

50 3352 154 3439 thue
171 3354 235 3417 duae
251 3355 360 3421 dextris
372 3359 493 3434 coelum,
508 3359 690 3444 totidemque
707 3359 821 3426 sinistri

51 3458 143 3523 Parte
158 3473 260 3522 secant
274 3481 366 3541 zonae,
382 3463 481 3546 quinta
496 3477 540 3527 est
555 3465 702 3528 ardentior
717 3466 792 3545 illis3

53 3561 105 3627 Sic
120 3584 194 3625 onus
208 3561 354 3627 inclusum
368 3586 492 3630 numero
507 3567 639 3631 distinxit
653 3569 761 3632 eodem

795 3772 883 3886 f
