2264 4042
82 256 123 318 46
378 243 756 304 uerrucaruosuou

82 406 126 473 Ut
133 407 228 494 jacuit
240 406 394 492 resupinus
407 405 499 483 humi,
514 424 602 468 cruor
616 405 725 468 emicat
739 402 806 479 alth,
1018 405 1062 465 50

83 512 153 578 Non
169 512 260 591 aliter,
276 512 365 598 quarn
379 511 450 575 cum
464 511 563 587 ritum
575 511 672 575 fistrda
685 509 807 594 plumbo

83 617 240 696 Scinditur,
256 633 287 683 et
299 633 404 683 tenues
418 617 557 682 stridente
571 614 716 680 foramine
730 614 817 698 longe

83 719 256 806 Ejacuiatur
270 741 381 806 aquas;
403 735 492 806 utque
506 720 612 784 ictibus
627 722 696 782 aiira
710 716 829 801 rumpit.

81 824 208 889 Arborei
223 824 311 890 ioetus
325 825 500 912 adspergine
515 825 606 889 cedis
620 824 650 887 in
666 837 761 887 atram

80 927 241 994 Vertuntur
252 930 378 996 faciem:
400 930 627 1015 madefactaque
643 928 783 1013 sanguine
798 927 884 991 radix
999 918 1059 991 ⁴55

80 1033 225 1099 Poeniceo
236 1035 338 1120 tinguit
351 1033 510 1118 pendentia
519 1052 604 1096 mora
617 1033 729 1096 colore.

125 1138 222 1218 Ecce,
237 1153 319 1204 metu
330 1139 462 1204 nondum
478 1139 583 1224 posito,
598 1159 637 1202 ne
652 1137 733 1202 sallat
746 1151 904 1215 amantem,-

79 1243 133 1309 llla
146 1244 241 1310 redita
257 1244 459 1332 juvenemque
473 1244 576 1322 ocuiis,
591 1243 748 1329 animoque
763 1242 904 1329 requiritr
1004 1332 1010 1338 .

79 1348 259 1436 Quantaque
273 1349 368 1415 vitririt
381 1373 500 1414 narrare
513 1349 645 1435 pericula
659 1350 754 1434 gestit.

79 1453 181 1542 thue
192 1456 301 1533 locum,
316 1468 347 1520 et
360 1476 477 1520 versam
490 1456 627 1540 cognovit
640 1456 669 1518 in
684 1456 789 1519 arbore
803 1452 950 1543 sormam3
1011 1457 1057 1527 60

82 1559 148 1646 (Sic
163 1559 233 1626 iacit
246 1562 388 1627 incertam
401 1561 483 1648 pomi
498 1559 593 1648 color)
608 1561 710 1640 heret,
725 1582 763 1625 an
784 1558 910 1627 haesit.

79 1665 163 1731 Dum
177 1666 298 1744 dubitat,
313 1668 508 1731 tremebunda
522 1668 601 1730 videt
615 1668 732 1752 pulsare
747 1679 902 1732 cruentum

79 1768 217 1833 Membra
232 1771 337 1846 solum,
352 1785 488 1854 retroque
503 1771 613 1854 pedem
627 1773 691 1835 tulit
703 1793 712 1833 ε
733 1791 844 1856 oraque
858 1771 940 1839 buxo

77 1872 238 1938 Pallidiora
251 1896 367 1958 garena,
383 1876 543 1953 exhorruit,
559 1877 683 1961 aequoris
697 1876 795 1956 maur,

79 1975 171 2051 Quod
191 1976 298 2054 tremit,
314 1976 423 2060 exigui
437 1977 507 2040 crim
522 1998 671 2042 summmn
686 1978 832 2064 stringitur
846 1979 928 2050 auri,
1011 1983 1055 2060 dh

80 2079 143 2144 Sed
157 2094 312 2166 postquam
326 2095 475 2146 remorata
489 2104 558 2147 suos
573 2083 709 2169 cognovit
724 2104 825 2149 amore
853 2106 861 2122 ·

75 2172 211 2253 Percu'tit
223 2186 358 2275 indignos
372 2188 453 2252 claro
467 2189 609 2274 plangore
623 2190 772 2255 lacertosr
787 2105 874 2359 A*

77 2290 120 2357 Et
133 2292 240 2358 laniata
253 2314 366 2373 comes,
381 2295 580 2395 arnpiexaque
596 2317 704 2382 eorpus
719 2317 787 2360 ama
812 2292 816 2301 ’
852 2341 860 2372 ,

76 2395 208 2461 Vulnera
222 2399 367 2483 supplevit
380 2400 528 2483 lacrymis,
543 2400 706 2486 fletumque
721 2400 817 2465 cruori
1009 2465 1012 2468 ,
1046 2472 1050 2477 ,

75 2500 213 2565 Miscuit:
235 2515 267 2564 et
280 2500 384 2584 gelidis
396 2502 427 2563 in
441 2503 568 2566 vultibus
577 2505 679 2568 oscula
692 2505 797 2588 figens,
1007 2511 1051 2579 70

76 2603 254 2688 ‘Pyrarne,’
269 2600 416 2682 clamavit
431 2606 517 2690 ‘quis
531 2620 561 2670 te
575 2606 647 2669 mihi
662 2627 749 2671 casus
764 2608 897 2673 ademit?

74 2707 217 2795 Pyrame,
231 2709 392 2793 responde.
437 2708 509 2773 Tua
522 2724 563 2787 te,
577 2710 741 2789 carissime,
757 2710 873 2779 Thisbe

73 2813 234 2882 Nominat:
257 2813 377 2891 exaudi,
392 2813 547 2900 vultusque
563 2816 660 2881 attolle
666 2815 824 2904 jacentes)

72 2919 121 2983 Ad
136 2941 248 2983 nomen
261 2919 393 2985 Thisbes
408 2922 521 2998 oculos,
531 2920 597 3009 jam
611 2939 707 2987 morte
722 2939 867 3009 gravatos,

73 3025 221 3110 Pyramus
236 3027 339 3104 erexit,
354 3026 475 3113 visique
489 3029 657 3094 recondidit
670 3029 729 3094 illa.
1003 3039 1045 3106 ts

71 3127 148 3205 Quae
163 3145 320 3217 postquam
335 3148 509 3218 vestemque
524 3156 609 3198 suam
624 3136 770 3220 cognovit,
785 3152 902 3202 et‘ense

68 3232 152 3300 Vidit
167 3238 240 3301 ebur
253 3259 401 3318 vacuum;
424 3247 433 3278 ‘
441 3238 511 3303 'Fun
526 3253 555 3304 te
570 3263 685 3318 manuS,
698 3242 819 3325 ’inquit
836 3249 1000 3329 ‘amorque

71 3341 217 3419 Perdidit,
228 3341 340 3407 inseiix.
386 3343 444 3407 Est
457 3344 488 3408 et
502 3345 573 3408 mihi
588 3345 669 3409 sortis
682 3345 711 3408 in
726 3368 818 3409 unum

71 3448 140 3513 Hoc
155 3470 281 3513 manus:
303 3464 348 3513 est
362 3464 392 3512 et
407 3471 490 3514 amor
503 3472 511 3513 r
534 3452 614 3515 dabit
627 3451 676 3514 hic
690 3451 720 3514 in
734 3453 856 3518 vuhrcra
869 3455 956 3521 vires.

69 3555 239 3640 Persequar
255 3553 453 3617 exstinctum:
474 3555 584 3639 letique
594 3556 760 3620 miserrima
774 3557 856 3623 dicar
1000 3565 1042 3626 80

68 3660 180 3739 (fonsa,
196 3681 357 3746 comesque
373 3661 435 3725 tui:
458 3661 567 3747 quique
583 3682 601 3726 a
615 3682 665 3727 mc
679 3677 774 3732 morte
788 3665 890 3733 revelli
