2264 4042
110 264 170 327 120
406 251 782 313 METAMORPHOSEON

105 417 278 483 Dummodo
291 414 372 499 qudd
386 411 489 476 fratres
503 410 650 474 Telamon
665 408 835 491 Peleusque
849 404 977 481 filerunt,

103 523 205 607 Ajacis
219 521 354 583 meritum
367 540 425 581 non
441 519 476 580 sit
487 539 494 578 :
505 530 573 578 'nec
588 514 733 597 sauguinis
747 513 831 588 ordo,

105 626 167 690 Sed
182 627 291 689 virtutis
305 626 397 687 honos
412 622 510 706 spoliis
523 634 666 704 queratur
680 620 710 681 in
724 618 794 680 istis.

105 733 164 797 Aut
178 732 201 794 si
216 729 386 814 proximitas
400 729 569 812 primusque
584 725 736 808 requiritur
750 723 866 802 heres3

101 835 158 899 Est
171 837 281 918 genitor
296 834 416 909 Peleus,
431 845 477 894 est
490 831 622 914 Pyrrhus
640 830 715 893 fihus
729 828 777 890 illi.
1012 830 1066 889 155

101 940 178 1015 Quis
192 941 275 1002 locus
288 937 397 1023 Ajaci?
420 937 560 999 Phthiam
576 935 729 1017 Scyronvc
744 932 882 996 ferantur.

99 1044 168 1108 Nec
183 1043 277 1106 minirs
292 1057 337 1105 est
350 1044 404 1104 isto
418 1041 541 1103 Teucer
555 1039 693 1123 patruehs
707 1039 823 1102 Achilli.

99 1149 182 1214 Num
196 1149 268 1233 petit
282 1148 330 1209 ille
343 1161 442 1208 tamen
458 1143 471 1206 ?
493 1166 564 1206 num
580 1158 688 1227 sperat,
703 1158 735 1205 ut
749 1141 862 1206 auferat
873 1141 982 1206 arma?

139 1254 222 1338 Ergo
236 1275 359 1336 operum
374 1251 510 1335 quoniam
521 1250 634 1312 nudum
647 1261 798 1312 certamen
811 1249 958 1327 habetur;

96 1359 187 1422 Plura
203 1360 320 1442 quidem
336 1357 403 1431 leci,
420 1356 506 1440 qulam
523 1376 586 1439 que
602 1355 816 1438 comprendere
832 1353 917 1416 dictis
1005 1356 1060 1416 160

92 1465 127 1528 ln
142 1478 276 1548 promptu
292 1463 362 1525 mibi
376 1463 430 1526 sit:
450 1482 550 1524 rerum
563 1475 663 1523 tamen
679 1459 782 1523 ordine
796 1458 898 1521 ducar.

94 1569 223 1633 Praescia
237 1569 350 1632 venturi
364 1568 487 1650 genitrix
504 1567 616 1630 Nereia
630 1566 679 1652 leti

92 1674 264 1736 Dissimulet
277 1673 356 1734 cultu
367 1686 478 1733 natum.
524 1671 695 1754 Deceperat
709 1691 821 1745 omnes,

91 1775 125 1838 In
141 1756 395 1858 quibnsAjaeem,
411 1787 532 1857 sumpte
548 1773 663 1836 fallacia
677 1777 775 1837 vestis.

89 1879 183 1942 Arma
197 1901 253 1960 ego
271 1878 425 1952 soemineis,
441 1878 569 1938 animum
586 1891 700 1939 motura
720 1879 842 1955 virilem,
997 1885 1053 1945 165

89 1982 241 2045 Mercibus
255 1983 372 2044 inserui.
419 1982 527 2064 Neque
543 1983 639 2044 adhuc
654 1977 820 2067 projecerat
833 1985 923 2049 heros
1053 1962 1056 1967 ι

85 2084 239 2170 Vrgineos
253 2088 377 2163 habitus,
393 2087 461 2149 edm
475 2108 608 2169 parmam
622 2088 794 2171 hastamque
808 2092 928 2167 tenenti,
983 2124 990 2133 ·

85 2192 195 2255 “Nate
211 2191 298 2268 det‚”
314 2192 384 2267 dixi,
400 2199 419 2228 “
430 2193 480 2254 tibi
496 2214 527 2254 se
542 2193 669 2275 peritura
683 2208 832 2256 reservant

84 2297 243 2381 Pergama.
289 2297 372 2370 Quid
388 2298 502 2360 dubitas
519 2298 667 2381 ingentem
687 2313 817 2361 evertere
832 2298 955 2385 Trojam
968 2301 1011 2365 ?”

82 2401 232 2486 lnjecique
252 2424 382 2477 manum,
398 2402 561 2484 sortemque
577 2403 615 2464 ad
629 2403 714 2466 sortia
727 2405 803 2467 misi.
993 2406 1053 2472 170

81 2504 164 2588 Ergo
175 2527 265 2587 opera
278 2505 353 2565 illius
367 2525 436 2565 mea
450 2519 526 2566 sunt.
570 2507 639 2588 Ego
653 2508 810 2592 Telephon
824 2510 908 2573 hasti

78 2606 263 2693 Pugnantem
280 2607 400 2668 domui:
422 2608 530 2671 victum
544 2624 735 2693 orantemque
754 2613 856 2678 refeci.

123 2699 216 2785 Quod
230 2711 344 2772 Thebe
360 2712 508 2788 cecidere,
524 2735 624 2775 meum
640 2729 705 2795 est;
727 2739 776 2779 me
792 2721 903 2784 credite
915 2720 1049 2803 Lesbon,

77 2815 130 2879 Me
145 2815 304 2892 Tenedon,
325 2815 531 2900 Chrysenque,
547 2834 576 2882 et
596 2819 712 2904 Cyllan,
727 2824 869 2907 Apollinis
883 2828 982 2906 urbes,

76 2920 118 2984 Et
134 2921 229 3005 Syron
246 2922 381 3005 cepisse:
403 2923 471 2984 med
485 2946 629 2989 concussa
646 2942 745 3010 putate
985 2940 1045 2997 175

73 3026 269 3089 Procubuisse
284 3029 346 3090 solo
361 3027 505 3112 Lyrnesia
519 3033 626 3096 moenia
642 3033 756 3097 dextrd.

70 3129 172 3214 thue
187 3133 257 3194 alias
270 3148 408 3213 taccam3
431 3137 479 3218 qui
495 3159 603 3199 saevum
618 3140 743 3223 perdere
758 3158 856 3223 posset

71 3232 214 3311 Hectora,
229 3259 336 3320 nempe
352 3240 421 3300 dedi
435 3261 443 3301 τ
465 3264 518 3324 per
533 3264 581 3304 me
591 3244 674 3326 jacet
687 3244 812 3326 inclytus
834 3247 958 3313 Hector.

67 3337 126 3401 Illis
140 3340 204 3402 haec
219 3343 315 3417 armis,
331 3344 434 3424 quibus
449 3361 494 3408 est
507 3348 639 3410 inventus
653 3348 792 3428 Achilles,

68 3444 161 3506 Arma
176 3459 266 3527 peto:
287 3447 352 3508 vivo
367 3449 518 3526 dederam,
535 3452 673 3534 postlata
688 3477 822 3540 reposco.
978 3471 1038 3528 180

108 3547 152 3612 Ut
167 3549 248 3611 dolor
263 3550 347 3613 unius
362 3552 484 3616 Danaos
497 3557 628 3637 pervenit
642 3560 679 3620 ad
694 3583 806 3641 omnes,

65 3654 230 3738 Aulidaque
246 3653 414 3720 Euboicam
433 3659 616 3741 compldrunt
631 3664 710 3729 mille
723 3669 850 3751 carinae3
