2264 4042
300 202 310 210 ’
399 313 404 326 „
473 244 655 305 umnam.

69 407 144 474 Heu
159 406 223 473 sold
235 420 363 493 poteras,
377 405 486 492 poteris
497 426 554 471 nee
568 418 663 469 morte
677 404 788 469 revelli.

70 512 144 578 Hoe
158 527 261 578 tamen
272 513 427 578 ambomm
437 511 536 575 verbis
550 523 643 591 estote
658 511 760 593 rogati,

69 618 103 683 Ο
117 619 243 683 multum
257 618 367 695 miseri,
382 639 467 681 meus
477 616 626 700 illiusque,
640 629 788 700 parentes,

64 723 120 804 Ut,
136 745 209 809 qnos
223 737 321 788 certus
335 744 428 799 arnor,
444 743 518 807 quos
531 723 605 786 hora
619 721 778 785 novissima
786 720 894 807 junxit,
999 723 1038 784 85

68 828 223 915 Componi
236 829 351 892 tumulo
365 849 425 892 non
438 827 592 890 invideatis
607 825 728 890 eodem.

68 935 114 1000 At
126 947 169 1012 tu,
182 956 247 1020 quae
262 935 352 998 ramis
367 934 454 997 arbor
467 932 634 996 miserabile
649 952 758 1016 corpus

70 1039 164 1106 Nune
177 1040 252 1124 tegis
263 1040 360 1116 nnius,
376 1060 449 1103 mox
464 1060 497 1102 es
511 1051 627 1102 tectura
642 1038 791 1119 duoumr3
853 1124 856 1128 ἡ

71 1143 165 1230 Signa
179 1160 248 1210 tene
263 1145 372 1209 eaedis:
394 1145 559 1229 pullosque,
574 1159 606 1209 et
619 1144 744 1209 luctibus
759 1157 842 1228 aptos

48 1261 58 1272 ‘
70 1249 203 1336 Semper
217 1249 296 1317 habe
311 1248 411 1327 loetus,
423 1250 533 1334 gemini
547 1264 741 1313 monumenta
755 1250 889 1314 cruoris’
1001 1254 1045 1314 ,90

68 1355 176 1421 Dixit:
198 1368 229 1419 et
242 1369 341 1440 aptato
355 1369 459 1441 peetus
469 1377 612 1421 mucrone
627 1356 680 1420 sub
695 1355 789 1419 imum

68 1459 209 1525 Incubuit
223 1459 323 1541 serro3
345 1460 426 1545 quod
442 1461 541 1525 adhuc
556 1483 575 1523 a
589 1461 672 1523 caede
684 1461 815 1544 tepebat.

39 1628 50 1643 ,
112 1562 193 1643 Vara
206 1580 309 1630 tamen
322 1566 447 1648 tetigere
463 1564 549 1640 deos,
563 1563 687 1646 tetigere
701 1578 840 1648 parentes
854 1589 861 1626 ι

68 1669 153 1735 Nam
167 1671 254 1736 00100
264 1671 295 1734 in
309 1691 400 1755 pomo
415 1683 470 1747 est,
485 1669 535 1732 ubi
549 1669 749 1754 permaturuit,
766 1683 849 1734 ater:

69 1773 225 1863 Quodque
238 1776 317 1861 rogis
331 1789 475 1860 superest,
490 1773 550 1838 und
562 1775 721 1859 requiescit
733 1775 763 1839 in
778 1776 861 1841 umd.
1004 1783 1045 1842 95

259 2051 315 2095 1Νο
338 2050 381 2094 ΕΤ
396 2049 587 2095 uthbremen
609 2051 645 2094 IN
667 2051 751 2094 DEOS
775 2050 909 2094 murm.

273 2180 312 2317 1
497 2264 528 2305 v.
546 2246 622 2306 416.

68 2386 154 2453 Tum
167 2362 240 2453 veih
255 2389 322 2452 totis
336 2387 452 2453 Bacchi
466 2387 659 2452 memorabile
673 2382 789 2451 Thebis

69 2492 194 2560 Numen
209 2508 294 2575 erat3
315 2515 496 2580 magnasque
511 2494 578 2557 novi
592 2507 750 2559 matertera
764 2494 841 2567 vires

70 2598 182 2665 Narrat
195 2600 304 2686 ubique
320 2601 388 2664 dei:
410 2601 449 2665 de
464 2614 564 2686 totque
579 2601 852 2686 sororibuuexpers

69 2703 143 2771 Una
157 2706 265 2772 doloris
280 2721 353 2785 erat,
368 2708 423 2771 uisi
438 2728 529 2792 quem
543 2705 644 2771 secere
660 2728 787 2772 sorores.

114 2811 251 2897 Adspicit
263 2813 341 2876 bane
355 2813 440 2889 natis,
455 2812 643 2897 thalamoque
657 2812 844 2877 Athamantis
858 2813 1017 2878 habentem

71 2915 222 2983 Sublimes
237 2919 358 2996 animos,
374 2935 404 2984 et
418 2920 536 2982 alumno
550 2919 681 2997 numine,
693 2917 793 2999 Jun03
983 2926 1036 2984 1¹01

71 3021 240 3089 Neetulit:
263 3039 293 3090 et
307 3047 421 3101 secum,
437 3024 556 3089 ‘Potuit
570 3025 610 3088 de
624 3024 730 3108 pellice
744 3038 829 3088 natus

69 3126 197 3195 Vertere
212 3129 366 3208 Maeonios,
377 3130 542 3216 pelagoque
557 3129 744 3215 immergere,
758 3143 872 3208 nautae,

71 3228 115 3295 Et
128 3230 288 3298 laceranda
302 3255 362 3297 sue
376 3232 436 3298 nati
451 3233 524 3298 dare
539 3232 654 3296 viscera
667 3231 763 3313 matri,
870 3232 872 3237 ’

59 3333 115 3411 ,Et
126 3338 257 3424 triplices
271 3339 386 3424 operire
401 3338 484 3403 novis
496 3335 667 3422 Minyeidas
682 3337 755 3402 alis:
984 3346 1042 3405 105

71 3439 124 3506 Nil
137 3440 245 3529 poterit
256 3441 345 3522 June,
360 3444 415 3509 uisi
429 3443 533 3508 inultos
548 3441 620 3506 llere
636 3441 777 3507 dolores?
889 3456 893 3465 “

26 3544 29 3549 ’
70 3545 167 3634 quue
181 3549 255 3613 mihi
269 3549 337 3615 satis
351 3549 420 3615 est?
442 3551 508 3616 haee
522 3571 582 3614 una
594 3550 725 3636 potentia
738 3562 837 3615 nostra
851 3549 919 3614 esti

71 3649 140 3738 Ipse
155 3654 246 3722 docet
257 3655 327 3742 quid
342 3677 448 3742 agam3
471 3654 530 3743 (sas
544 3668 590 3723 est
603 3671 634 3722 et
648 3657 685 3723 ab
699 3656 783 3723 hoste
798 3653 914 3739 doceri)
