2264 4042
441 243 628 299 morona
646 243 668 298 Ι.
724 321 730 332 ,

72 401 141 464 Nos
156 400 263 483 Pylon,
279 399 388 482 antiqui
403 387 512 462 Neleia
528 400 663 463 Nestoris
675 420 754 476 arva,

117 505 276 569 Misimus:
291 505 402 567 incerta
416 519 462 568 est
478 503 557 566 sama
571 505 693 569 remissa
708 502 796 587 Pylo.

72 609 211 673 Misimus
227 625 256 672 et
272 610 420 694 Sparten:
437 610 678 693 Spartenquoque
694 610 794 672 nescia
807 608 879 671 veri.

117 715 203 788 Quas
218 716 330 777 habitas
345 730 448 789 terras,
465 730 514 777 atu
529 716 578 777 ubi
593 715 689 777 lentus
704 712 796 777 abes?
823 799 825 802 y
1011 719 1052 778 60

72 817 181 882 Utilius
196 834 305 882 starent
319 821 410 881 etiam
425 842 504 882 nune
520 821 628 882 moenia
645 818 763 882 Phoebi.

116 922 248 1009 (Irascor
264 925 337 986 votis
352 927 411 986 heu
426 925 498 987 levis
513 926 577 1007 ipsa
591 923 701 1010 meist)

73 1029 192 1093 Scirem
209 1019 259 1090 ubi
275 1051 445 1112 pugnares3
460 1044 490 1092 et
504 1031 615 1092 tantum
631 1031 707 1093 bella
723 1031 880 1109 timerem;

117 1132 160 1194 Et
174 1157 243 1195 mea
258 1156 327 1196 cum
343 1135 441 1197 multis
457 1134 561 1219 juncte
576 1137 696 1219 querela
709 1134 796 1199 soret.
1121 1220 1123 1225 ,

72 1238 157 1311 Quid
172 1239 292 1301 timeam
307 1239 409 1321 ignoro
422 1263 429 1300 :
455 1240 545 1303 timeo
562 1254 671 1303 *tamen
685 1241 785 1303 omnia
807 1240 954 1303 demens:
1010 1245 1050 1303 65

116 1343 159 1406 Et
173 1358 254 1426 patet
267 1345 296 1404 in
312 1367 398 1406 curas
414 1366 483 1406 area
498 1345 556 1406 lata
572 1367 665 1406 meas.

72 1446 269 1531 Quaecunque
284 1471 383 1530 aequor
398 1449 496 1524 habet,
513 1471 695 1531 quecunque
711 1451 842 1532 pericula
867 1449 963 1525 tellus,

114 1553 197 1615 Tam
211 1554 303 1634 longae
320 1575 425 1614 causas
441 1554 574 1634 suspicor
588 1575 654 1615 esse
672 1575 772 1613 morae.
993 1594 1006 1624 ,
1102 1545 1105 1549 ’

72 1657 149 1720 Hae'c
166 1679 222 1739 ego
239 1656 310 1717 dum
326 1656 411 1723 stulte
426 1657 551 1716 meditor
569 1653 646 1739 (quae
662 1670 758 1718 vestra
781 1656 870 1718 libido
895 1657 954 1742 est)

116 1761 195 1824 Esse
210 1762 365 1844 peregrino
380 1774 483 1842 eaptus
498 1782 598 1822 amore
612 1775 708 1843 potes.
1008 1769 1050 1825 70

74 1865 210 1929 Forsitan
227 1878 256 1927 et
269 1887 379 1940 narres,
396 1864 484 1947 quim
500 1865 536 1926 sit
550 1865 598 1927 tibi
614 1867 720 1929 rustica
736 1865 845 1951 conjux
858 1890 867 1945 ;

116 1969 193 2042 Quae
209 1970 321 2031 tantum
335 1970 416 2031 lanas
429 1992 487 2031 non
503 1970 577 2032 sinat
591 1992 656 2033 esse
671 1972 771 2033 rudes.

73 2072 193 2152 Fallar3
209 2088 238 2135 et
252 2075 308 2136 hoc
323 2074 434 2135 crimen
449 2088 553 2134 tenues
568 2089 708 2136 vanescat
721 2076 749 2136 in
771 2096 878 2136 auras:

29 2197 30 2202 ’
117 2177 216 2252 Neve,
231 2178 396 2238 revertendi
410 2177 493 2251 liber,
510 2178 614 2237 abesse
629 2178 712 2239 velis.
785 2171 793 2189 ⁸

72 2280 127 2343 Me
143 2294 225 2364 pater
240 2281 351 2341 Icarius
366 2279 455 2341 viduo
470 2279 626 2340 discedere
645 2280 724 2340 lecto

117 2384 217 2466 Cogit,
233 2399 263 2446 et
277 2385 435 2444 immensas
451 2384 690 2464 increpatusque
705 2406 814 2448 moras

72 2491 213 2572 Increpet
227 2510 319 2571 usque
335 2488 403 2549 licet
416 2509 423 2546 :
438 2499 578 2562 tuasnm,
594 2502 643 2568 tqe
658 2489 740 2552 dicar
754 2507 869 2575 oportet

117 2594 292 2677 Penelope:
307 2592 415 2676 conjux
432 2613 550 2675 semper
564 2592 678 2676 Ulyssis
693 2618 756 2657 ero.

72 2698 126 2760 llle
141 2711 241 2759 tamen
256 2697 363 2779 pietate
378 2694 446 2757 mei
460 2697 655 2780 precibusque
678 2701 792 2781 pudicis

117 2801 283 2882 Frangitur,
299 2815 328 2862 et
343 2801 418 2861 vires
432 2815 577 2884 temperat
591 2803 653 2884 ipse
672 2827 749 2867 suas.
1006 2815 1047 2870 80

72 2906 214 2979 Dulichii,
232 2905 394 2987 Samiique,
410 2918 448 2979 et,
465 2926 537 2986 quos
552 2907 614 2968 tulit
629 2909 685 2969 alte
695 2909 876 2992 Zacynthos

117 3008 221 3071 Turba
236 3023 322 3071 ruunt
336 3009 364 3068 in
379 3030 428 3068 me
443 3009 602 3084 luxuriosa,
625 3013 706 3091 proci
721 3035 728 3071 :

72 3114 168 3196 Inque
183 3112 234 3175 tud
247 3126 380 3194 regnant,
395 3112 479 3172 nullis
494 3113 722 3193 prohibentibus,
739 3116 814 3177 auli.

119 3215 242 3278 Viscera
257 3233 364 3291 nostra,
380 3230 435 3276 tuae
453 3214 625 3277 dilaniantur
645 3240 727 3300 opes.

74 3321 157 3394 Quid
168 3321 220 3383 tibi
232 3320 419 3396 Pisandrum,
432 3320 649 3403 Polybumque,
659 3321 859 3412 Medontaque
870 3331 975 3410 dirum,
1006 3339 1046 3398 85

119 3424 362 3509 Eurymachique
379 3427 488 3502 avidas,
506 3426 682 3509 Antinoique
697 3451 812 3509 manuS,

75 3532 174 3614 Atque
190 3529 260 3592 alios
274 3529 411 3605 reseram,
427 3553 500 3613 quos
515 3553 618 3594 ornnes
633 3535 752 3616 turpiter
770 3538 875 3602 absens

118 3635 186 3718 lpse
201 3650 251 3697 tuo
261 3637 353 3718 partis
367 3637 506 3720 sanguine
521 3618 615 3704 rebus*
626 3638 700 3705 alis?
