2264 4042
103 269 146 330 52
421 261 802 320 METAMORPHOSEON

102 421 239 488 Cadmus
255 423 302 501 ait,
319 421 448 502 ‘fiterit3
470 436 544 500 tum,
559 422 629 486 clun
647 420 759 486 Sidone
773 419 924 505 profectus

100 527 247 613 Vipereos
261 529 353 614 sparsi
367 550 421 614 per
434 530 570 606 humum,
585 550 661 591 nova
676 528 798 604 semina,
814 525 944 590 dentes?

100 632 204 708 Quem
218 636 242 698 si
257 658 328 699 cura
344 634 434 699 dedm
445 649 506 699 tam
522 633 605 698 certd
618 634 747 698 vindicat
761 633 814 710 iit,

98 738 167 824 lpse
178 762 284 824 precor
299 763 420 825 serpens
434 741 463 803 in
478 741 596 824 longam
612 741 743 824 porrigar
759 739 878 802 alvum’
1008 744 1078 858 {35

97 844 203 909 Dixit:
226 861 265 923 et,
280 861 312 910 ut
327 869 458 931 serpens,
470 846 500 908 in
514 846 632 930 longam
647 845 774 908 tenditur
789 844 905 925 alvum3

95 950 277 1036 Durataeque
291 953 350 1016 cuti
365 973 504 1036 squamas
514 951 680 1014 increscere
696 950 790 1026 sentit,

95 1057 248 1142 Nigraque
263 1058 395 1122 ceruleis
410 1057 514 1120 variari
528 1077 652 1140 corpora
666 1056 772 1138 guttis:

93 1162 129 1225 ln
143 1177 306 1248 pectusque
318 1163 397 1227 cadit
411 1183 539 1247 pronus:
562 1161 778 1245 commissaque
794 1161 823 1222 in
839 1183 930 1223 unum

94 1265 241 1329 Paulatim
255 1266 339 1329 tereti
355 1267 503 1329 sinuantur
518 1263 655 1328 acumine
670 1285 765 1327 crura.
1005 1266 1077 1327 240

93 1369 223 1435 Brachia
232 1371 296 1456 jam
310 1385 439 1435 restant:
462 1393 526 1455 quae
542 1382 660 1445 restant,
675 1369 797 1432 brachia
807 1369 919 1448 tendit3

91 1476 134 1542 Et
147 1478 284 1563 lacrymis
298 1500 352 1563 per
367 1478 465 1541 adhuc
479 1478 611 1540 humana
626 1475 783 1538 fluentibus
798 1497 860 1552 ora,

92 1585 246 1661 ‘Accede
261 1607 280 1647 o
295 1583 416 1671 conjux,
432 1583 556 1659 accede,
571 1581 765 1662 miserrima,’
781 1580 876 1643 dixit:

90 1685 254 1769 ‘Dumque
269 1687 376 1770 aliquid
388 1700 522 1770 superest
536 1686 575 1747 de
591 1706 651 1759 me,
665 1707 714 1747 me
730 1699 829 1766 tange,
844 1704 1028 1767 manumque

89 1790 217 1873 Accipe,
233 1790 305 1852 dum
320 1811 426 1852 manus
441 1803 504 1868 est:
528 1789 600 1851 dum
615 1809 674 1850 non
688 1801 782 1849 toturn
797 1803 925 1872 occupat
944 1790 1073 1874 anguis!

89 1891 142 1955 Ille
158 1893 279 1977 quidem
293 1892 354 1953 vult
367 1892 452 1974 plura
465 1891 565 1976 loqui:
588 1891 641 1953 sed
655 1889 753 1973 lingua
766 1889 888 1973 repente
999 1896 1069 1957 246

89 1996 124 2060 In
138 2011 237 2083 partes
252 2011 297 2061 est
310 1996 379 2060 fissa
390 1997 475 2060 duas.
521 1994 554 2060 N
555 2018 591 2060 eo
606 1996 697 2059 verba
712 1996 819 2059 volenti

88 2102 266 2166 Sufficiunt:
290 2103 463 2188 quotiesque
479 2103 592 2188 aliquos
606 2115 690 2186 parat
704 2101 796 2165 edere
812 2116 943 2187 questus,

89 2208 213 2273 Sibilat:
235 2211 313 2274 hauc
328 2211 368 2273 illi
382 2231 490 2274 vocem
505 2209 621 2273 Natura
635 2208 782 2292 relinquit.

88 2314 182 2379 Nuda
194 2339 283 2380 manu
298 2317 416 2394 seriens,
432 2317 590 2393 exclamat,
605 2331 737 2399 pectora,
752 2313 872 2399 conjux,
1002 2318 1071 2377 250

88 2420 238 2498 ‘Cadme
253 2443 362 2484 mane:
385 2437 474 2504 teque
489 2422 545 2496 his,
561 2418 672 2496 infelix,
688 2433 769 2482 exue
784 2418 930 2482 monstris.

86 2523 216 2602 Cadme,
243 2524 314 2608 quid
340 2524 424 2587 hoc?
448 2525 497 2586 ubi
519 2523 599 2607 pes?
627 2525 679 2586 ubi
702 2538 769 2585 sunt
800 2524 974 2609 humerique
1000 2544 1068 2595 ma·

258 2627 399 2713 nosque?

88 2734 131 2800 Et
144 2735 235 2812 color,
248 2750 278 2797 et
291 2734 394 2811 lacios,
409 2748 448 2810 et,
466 2734 538 2797 dum
553 2732 666 2817 loquor,
681 2731 803 2794 omnia?
828 2732 893 2796 Cur
906 2757 965 2798 non

86 2836 140 2900 Me
151 2859 279 2922 quoque,
295 2837 441 2913 ooelestes,
457 2836 624 2900 ineandem
640 2836 747 2900 vertitis
763 2835 912 2920 anguem?
926 2837 934 2868 ’

86 2942 224 3007 Dixerat.
269 2944 322 3019 Ille
338 2967 396 3009 suae
408 2944 557 3008 lambebat
571 2943 704 3030 conjugis
718 2966 792 3008 ora:
998 2949 1066 3009 255

85 3049 179 3136 Inque
195 3051 273 3115 sinus
282 3073 377 3130 caros,
388 3050 477 3115 veluti
491 3064 695 3134 cognosceret,
710 3050 770 3114 ibat
778 3073 788 3129 3
1041 3037 1043 3041 ἲ

85 3154 128 3219 Εῑ
142 3157 231 3220 dabat
246 3159 421 3240 amplexus3
444 3157 626 3241 adsuetaque
641 3157 717 3220 colla
731 3155 862 3238 petebat.

86 3259 228 3346 Quisquis
243 3263 327 3325 adest
340 3261 477 3347 (aderant
490 3261 628 3348 comites)
644 3273 779 3325 terretur.
824 3260 867 3322 At
880 3259 944 3326 illos

88 3361 219 3428 Lubrica
234 3365 419 3449 permulcent
434 3365 543 3428 cristati
557 3364 634 3428 colla
648 3363 802 3438 dracones,

84 3467 127 3532 Et
142 3470 237 3534 subito
251 3471 311 3535 duo
326 3485 414 3551 sunt;
431 3471 595 3557 junctoque
610 3468 757 3532 volumine
773 3483 914 3555 serpunt3
995 3474 1062 3535 260

78 3572 192 3642 Donec
203 3577 235 3642 in
250 3576 375 3664 appositi
389 3577 519 3641 nemoris
534 3573 649 3640 subiere
663 3574 798 3640 latebras.
859 3606 864 3623 =
