2264 4042
105 260 166 323 rra
413 216 787 311 uaaauonenosaon

103 411 231 477 Sustinui
243 435 252 491 ;
273 424 439 495 sortemque
453 433 552 475 meam
567 412 691 487 vovistis,
707 410 833 474 Achivi:

104 516 147 581 Et
160 532 262 580 vestrae
273 516 391 580 valuere
406 538 520 601 preces.
567 517 599 578 Si
615 517 740 600 quaeritis
753 515 840 599 hujus

103 620 265 685 Fortunam
279 644 404 706 pugnae3
426 644 483 686 non
499 644 564 685 sum
582 636 734 705 superatus
748 622 784 682 ab
801 620 860 694 illo.
1034 618 1072 679 90

142 725 227 789 Eece
239 730 335 791 lerunt
348 727 446 790 Troes
461 726 641 810 sertumque,
657 728 825 809 ignemque,
839 723 1010 806 lovemque

102 832 137 894 ln
152 831 273 894 Danaas
288 834 418 895 classes:
440 833 489 895 ubi
498 855 576 894 nunc
596 832 738 895 facundus
752 827 902 912 Ulysses?

102 936 223 1020 Nempe
238 958 295 1020 ego
311 939 388 1000 mille
404 959 472 1000 meo
486 938 601 1020 protexi
616 951 736 1020 pectore
751 955 876 1019 puppes,

104 1040 197 1124 Spem
210 1042 297 1104 vestri
311 1042 432 1104 reditds.
479 1041 558 1105 Date
573 1055 615 1104 tot
628 1063 682 1124 pro
696 1040 818 1102 navibus
833 1059 925 1100 arma.

145 1145 273 1220 Quodsi
288 1168 359 1209 vera
372 1146 441 1208 licet
455 1147 524 1208 mihi
540 1147 660 1223 dicere3
682 1145 817 1226 quaeritur
831 1143 901 1218 istie,
1037 1145 1077 1205 95

103 1250 205 1325 Quam
219 1253 300 1327 mihi,
316 1252 410 1336 major
425 1253 538 1313 honos:
553 1251 766 1335 conjunctaque
782 1249 875 1331 gloria
889 1259 993 1309 nostra
1008 1259 1064 1322 est,

103 1355 202 1438 Atque
217 1357 297 1441 Ajax
313 1357 411 1432 arnus,
427 1377 484 1417 non
499 1357 586 1440 Ajaci
602 1377 683 1417 arma
697 1367 846 1437 petuntur.

143 1458 287 1525 Conferat
301 1460 345 1522 his
360 1460 477 1522 Ithacus
497 1460 645 1534 Rhesum,
660 1459 866 1540 imbellemque
882 1456 1015 1538 Dolona,

102 1563 331 1649 Priamidenque
348 1563 499 1627 Helenum
514 1565 599 1648 rapta
613 1585 682 1626 cum
698 1563 821 1625 Pallade
837 1574 970 1646 captum.

102 1668 189 1732 Luce
204 1671 274 1731 nihil
285 1685 410 1752 gestum,
425 1671 495 1732 nihil
510 1684 554 1731 est
570 1670 719 1731 Diomede
731 1681 865 1730 remoto:
1022 1670 1083 1729 100

105 1771 138 1832 Si
154 1774 246 1834 semel
260 1775 314 1835 ista
330 1775 404 1835 datis
423 1774 532 1835 meritis
547 1789 606 1834 tam
621 1773 723 1834 vilibus
739 1795 842 1851 arma3

104 1874 257 1936 Dividite:
278 1889 308 1936 et
319 1875 411 1959 major
426 1898 494 1958 pars
512 1878 547 1938 sit
562 1876 718 1938 Diomedis
733 1877 763 1936 in
779 1877 842 1939 illis.

148 1977 219 2050 Quo
234 1993 333 2042 tamen
347 1981 412 2042 hec
425 1979 550 2042 Ithaco?
574 1981 622 2064 qui
637 1981 723 2056 clam,
740 1982 788 2063 qui
804 2003 924 2066 semper
944 1983 1068 2049 inermis

103 2084 185 2147 Rem
200 2085 294 2167 gerit:
317 2098 346 2146 et
360 2083 441 2147 surtis
456 2085 605 2147 incautum
620 2086 730 2169 decipit
744 2085 885 2149 hostem?

102 2189 170 2273 lpse
182 2191 256 2253 nitor
272 2191 372 2274 galeae,
388 2191 467 2253 claro
484 2191 622 2253 radiantis
637 2192 673 2253 ab
690 2214 770 2267 auro,
1024 2195 1085 2253 105

101 2293 224 2358 insidias
239 2297 354 2379 prodet,
369 2294 622 2379 manifestabitque
643 2296 792 2358 latentem.

103 2398 166 2461 Sed
181 2420 277 2482 neque
293 2401 450 2463 Dulichius
465 2402 518 2463 sub
536 2402 657 2463 Achillis
673 2402 788 2463 casside
805 2414 908 2462 vertex

103 2501 244 2565 Pondere
254 2515 334 2564 tanta
348 2501 444 2563 feret:
466 2524 595 2564 necnon
611 2526 735 2566 onerosa
749 2504 904 2586 gravisque

104 2604 204 2668 Pelias
220 2626 284 2665 esse
297 2617 392 2685 potest
406 2603 571 2665 imbellibus
585 2605 668 2668 hasta
683 2607 799 2669 lacertis
814 2630 821 2668 τ

105 2708 174 2772 Nec
189 2708 322 2789 clypeus,
335 2707 409 2768 vasti
424 2708 543 2769 caelatus
557 2708 684 2790 imagine
700 2711 811 2786 mundi,
908 2750 915 2767 ·
1022 2718 1086 2776 110

104 2811 271 2876 Conveniet
284 2809 402 2885 timidae,
418 2824 551 2896 nataeque
569 2813 606 2874 ad
621 2812 697 2875 surta
712 2814 842 2877 sinistra.

104 2916 331 2980 Debilitaturum
347 2915 416 2998 quid
431 2930 460 2977 te
480 2916 564 2998 petiS,
580 2918 723 3001 improbe,
739 2920 873 2982 munus?

104 3020 197 3096 Quod
212 3022 263 3084 tibi
278 3023 301 3085 si
315 3021 415 3105 populi
430 3022 581 3085 donaverit
597 3044 677 3086 error
693 3025 809 3100 Achivi,

103 3127 168 3190 Cur
182 3128 323 3217 spolieris,
339 3127 411 3204 erit;
433 3149 502 3202 non,
517 3149 570 3189 cur
585 3129 725 3191 metuaris
740 3131 776 3191 ab
791 3131 886 3192 hoste.

102 3229 145 3293 Et
158 3229 228 3312 luga
244 3229 316 3314 (qua
331 3230 392 3295 solit
407 3245 538 3307 cunctos,
554 3233 745 3307 tittridissime,
760 3230 865 3318 vineis)

103 3332 208 3396 Tarda
222 3333 317 3396 sutura
332 3335 381 3398 tibi
397 3349 450 3410 est,
466 3339 627 3418 gestamina
643 3351 722 3398 tanta
737 3336 872 3401 trahenti.

104 3438 206 3514 Adde,
222 3438 300 3520 qudd
316 3438 369 3502 iste
384 3453 461 3514 tuus,
476 3453 537 3501 tam
551 3439 617 3502 rard
631 3440 734 3522 proelia
753 3462 865 3524 passus,

106 3543 224 3641 Integer
239 3555 283 3609 est
297 3541 441 3629 clypeus:
462 3558 570 3619 nostro,
587 3544 634 3627 qui
650 3545 707 3611 tela
722 3543 845 3614 ferendo
