2264 4042
365 212 366 215 ’
501 198 657 260 UBBRI.
1052 205 1073 269 9

96 356 185 435 Quos
199 357 286 423 simul
299 359 436 444 imposuit
450 361 570 438 mensis,
584 382 642 445 ege
655 357 771 427 vindice
786 357 909 425 flammi
1008 360 1074 425 230

94 463 131 528 ln
146 463 267 528 domino
281 464 384 550 dignos
399 465 492 529 everti
505 478 585 529 tecta
599 462 740 529 Penates.

95 569 232 634 Territus
245 568 294 633 ille
308 571 403 655 fugit3
423 583 585 655 nactusque
600 569 714 634 silentia
726 568 802 634 ruris

95 673 250 752 Exululat,
265 673 431 760 trususque
445 677 526 760 loqui
539 689 682 740 coneum:
705 675 823 761 abipso

95 777 217 866 Colligit
229 801 264 846 es
277 781 400 859 rabiem,
415 781 563 865 solitaeque
578 780 715 865 cupidine
726 779 816 843 cedis

94 883 226 950 Vertitur
239 886 269 949 in
283 886 438 971 pecudes:
460 900 491 950 et
504 907 583 951 nunc
597 906 715 971 quoque
730 884 871 971 sanguine
885 884 1005 971 gaudet.

31 1067 36 1074 η
94 987 739 1068 invillosabeuntvestes,incruralacerti.
1006 988 1072 1056 236

95 1092 148 1158 Fit
160 1094 257 1180 lupus,
271 1109 302 1159 et
315 1095 421 1159 veteris
434 1108 532 1160 servat
544 1095 666 1180 vestigia
680 1095 791 1161 forme.

93 1198 229 1266 Canities
241 1200 351 1265 eadem
365 1215 419 1278 est,
434 1197 541 1267 eadem
555 1201 692 1266 violentie
704 1202 784 1265 vultu
798 1225 806 1263 :

93 1304 182 1369 Idem
195 1306 274 1371 oculi
287 1295 407 1372 lucent:
429 1307 536 1372 eadem
549 1306 669 1372 feritatis
682 1307 791 1391 imago.

139 1405 259 1471 Occidit
272 1429 332 1472 una
346 1408 452 1475 domus
461 1431 473 1471 r
495 1409 549 1473 sed
563 1431 622 1473 nen
636 1409 742 1473 domus
756 1432 816 1473 una
829 1411 926 1494 perire

95 1510 196 1596 Digna
209 1509 262 1576 fuit
275 1535 283 1574 r
306 1509 367 1598 qud
379 1527 459 1579 terre
471 1527 562 1598 patet,
577 1512 641 1576 sera
654 1529 757 1596 regnat
770 1513 911 1597 Erinnys.

95 1615 130 1679 ln
144 1613 385 1702 lacinusjurisse
398 1628 496 1702 putes.
539 1615 623 1680 Dent
635 1616 718 1680 ociis
732 1637 846 1694 onmes,

97 1718 183 1798 Quas
195 1721 335 1789 meruere
348 1721 410 1809 pati
426 1718 483 1810 (sio
493 1733 554 1790 stat
568 1719 725 1808 sententie)
739 1721 866 1809 peenas?

497 2041 671 2087 ornemus.

386 2286 390 2291 .
516 2249 548 2292 v.
571 2235 647 2294 244.

94 2367 182 2436 Dicta
194 2369 275 2436 Jovis
288 2361 357 2456 pars
371 2391 446 2435 voce
460 2371 595 2456 probant,
609 2369 798 2456 stimulosque
812 2368 918 2435 furenti

91 2474 264 2561 Adjiciunt:
286 2475 333 2539 alii
346 2488 445 2559 pertes
460 2474 631 2539 adsensibus
647 2476 779 2560 implent.

94 2574 154 2641 Est
166 2590 268 2641 tamen
281 2576 402 2640 humani
417 2578 532 2660 generis
541 2577 658 2663 jactum
672 2576 765 2641 dolori

94 2679 269 2745 Omnibus:
286 2695 326 2757 et,
341 2701 405 2765 quae
421 2681 457 2745 sit
469 2695 565 2759 terrae,
579 2682 749 2746 mortalibus
762 2684 853 2758 orbe,

17 2828 23 2837 ·
93 2783 207 2850 Ferme
220 2784 328 2863 futura,
341 2800 467 2870 rogant:
489 2786 553 2871 quis
564 2787 601 2850 sit
611 2786 721 2851 laturus
734 2787 764 2849 in
780 2808 845 2850 aras

95 2884 226 2951 'l'burai
249 2885 356 2952 ferisne
370 2902 456 2973 paret
469 2887 652 2973 populandas
666 2889 783 2952 tradere
798 2885 926 2972 gentes?

93 2990 183 3055 Talia
198 3007 363 3076 querentes
379 2990 446 3077 (sibi
462 2992 541 3056 enim
555 2992 618 3056 lore
633 3007 741 3056 cetere
755 2991 848 3078 cure)

94 3096 169 3165 Rex
184 3097 325 3182 supersim
339 3098 485 3182 trepidare
500 3112 589 3173 vetat,
605 3099 795 3182 sobolemque
809 3097 898 3184 priori

95 3201 277 3267 Dissimilem
292 3204 402 3287 populo
415 3203 555 3288 pronuttit
568 3203 678 3287 origine
693 3194 778 3266 miri.

127 3306 265 3393 'Jamque
281 3323 344 3372 erat
357 3309 386 3372 in
400 3323 476 3373 totas
491 3331 643 3394 speremus
657 3308 778 3373 fulruine
790 3323 883 3375 terras
895 3332 905 3391 3

95 3411 159 3476 Sed
173 3413 278 3490 timuit,
292 3435 330 3479 ne
346 3411 419 3478 forti
434 3437 519 3479 secer
532 3428 576 3478 tot
589 3415 626 3478 eb
640 3414 754 3499 ignibus
768 3416 858 3479 ether

93 3517 277 3602 Conciperet
290 3517 435 3596 flarnmas
449 3520 611 3604 longusque
627 3521 794 3584 ardesceret
808 3521 881 3584 axis.

94 3621 172 3689 Esse
187 3643 305 3709 quoque
319 3624 349 3688 in
363 3623 428 3689 satis
441 3615 643 3706 reminiscitur,
659 3626 750 3691 affore
763 3640 891 3716 tempus,
