2264 4042
90 224 133 289 22
380 218 760 277 nltt'sttosrrtosson

478 560 618 627 LIBER
637 561 680 627 ΙΙ.

402 850 634 896 PRAETHOMIB
656 850 752 895 trous.

540 1023 572 1066 v.
598 1008 627 1067 l.

89 1148 187 1233 Regia
202 1147 280 1212 Solis
293 1161 357 1213 etet
371 1146 543 1212 sublimibus
557 1146 616 1210 alta
629 1145 785 1225 columnis,

88 1249 182 1315 Clara
195 1251 323 1314 micante
339 1272 422 1328 auro,
437 1249 633 1335 flammasque
647 1249 778 1315 imitante
791 1269 928 1336 pyropus

88 1351 186 1439 Cujus
200 1353 273 1417 ebur
286 1352 412 1417 nitidum
422 1351 536 1437 fastigia
549 1374 667 1417 summa
679 1353 822 1419 tenebat:

87 1459 215 1544 Argenti
226 1457 336 1524 bifores
350 1459 504 1525 radiabant
516 1459 627 1524 lumine
641 1460 754 1524 valva·
888 1484 891 1489 ·

87 1561 247 1629 Materiem
260 1565 518 1651 superabatopue,
533 1585 605 1629 num
618 1561 768 1631 Mulciber
781 1562 842 1629 ima
1048 1565 1068 1625 6

90 1663 225 1749 AEquora
238 1665 367 1745 estun,
382 1667 499 1731 medies
512 1665 660 1751 cingentis
674 1681 778 1744 terres,

87 1766 312 1856 Terrarumque
325 1771 441 1848 orbem,
455 1770 638 1855 eoelumque,
653 1770 735 1854 quod
748 1769 883 1834 imminet
896 1769 972 1834 orbi.

86 1870 244 1938 Ceruleos
255 1876 347 1940 habet
356 1875 435 1939 unde
452 1875 527 1940 deos
536 1897 548 1956 3
580 1874 876 1953 mensurnorum,

84 1977 256 2066 Proteaque
271 1982 452 2067 nrnbiguum,
466 1980 705 2065 baienarmnqne
718 1995 907 2066 prementem

87 2084 461 2169 AEgaeonesuisimmanie
473 2099 559 2172 terga
571 2086 701 2165 lacertis,
1028 2088 1069 2149 10

87 2189 274 2278 Doridaque,
288 2206 319 2257 et
332 2205 437 2259 netas:
459 2212 586 2278 quarum
600 2214 669 2279 pars
682 2213 755 2258 nare
767 2191 915 2272 videntur,

87 2295 164 2362 Pars
177 2299 207 2363 in
220 2300 301 2365 mole
315 2300 425 2366 sedens
438 2299 548 2366 virides
562 2299 676 2367 necare
691 2300 814 2387 capillos
826 2323 836 2383 3
933 2356 936 2361 .

86 2400 178 2467 Pisce
192 2403 261 2466 vehi
275 2404 423 2488 quedem.
468 2404 579 2470 Facies
593 2429 652 2470 non
666 2407 803 2473 omnibus
816 2428 886 2484 una,

87 2503 158 2569 Nec
173 2505 289 2569 diversa
302 2518 425 2568 temen:
446 2506 568 2589 qualem
582 2507 672 2572 decet
686 2528 752 2572 esse
766 2528 913 2573 sororum.

86 2609 185 2675 Terra
198 2610 286 2688 viros,
300 2611 448 2696 urbesque
463 2610 548 2695 gerit,
559 2610 715 2695 silvasque,
729 2609 878 2698 ferasque,
1026 2615 1067 2677 15

87 2711 295 2798 Fluminaque,
311 2727 342 2778 et
353 2713 511 2799 nymphas,
522 2726 553 2777 et
562 2726 670 2781 cetera
679 2714 800 2779 numina
813 2715 897 2779 ruris.

86 2817 164 2883 Haec
179 2842 268 2905 super
281 2819 416 2905 imposita
430 2832 475 2883 est
489 2819 557 2883 ooeli
571 2817 707 2905 fulgentis
721 2820 841 2907 imago:

87 2925 237 3010 Signaque
252 2946 309 2991 sex
323 2912 432 2989 foribus
448 2925 569 3002 dextris,
583 2925 766 3012 totidemque
781 2928 910 2993 sinistris

127 3026 200 3102 Qut>
214 3028 300 3093 simul
314 3027 426 3092 acclivo
441 3024 620 3113 Clymeneia
633 3029 724 3094 limite
738 3032 836 3116 proles

84 3129 184 3208 Venit,
196 3145 227 3195 et
239 3131 353 3195 intravit
364 3131 486 3196 dubitati
502 3145 580 3195 tecta
593 3133 742 3218 parentis;
1022 3139 1066 3198 20

83 3232 222 3298 Protinus
237 3234 275 3297 ad
289 3234 398 3318 patrios
412 3256 466 3298 sua
480 3232 537 3298 fert
550 3236 673 3319 vestigia
686 3236 804 3300 vultus:

85 3333 283 3422 Consistitque
298 3336 420 3421 procul:
442 3358 540 3422 neque
555 3337 635 3401 enim
646 3338 785 3422 propiora
798 3337 913 3403 ferebat

85 3436 224 3502 Isunina.
270 3436 427 3523 Purpurei
439 3440 552 3503 velatus
562 3452 643 3502 veste
655 3438 779 3503 sedebat

84 3543 120 3608 ln
135 3543 207 3607 solio
218 3543 361 3621 Phoebus,
376 3543 461 3607 claris
475 3544 592 3607 lucente
607 3545 780 3630 smaragdis.

84 3647 116 3715 A
130 3646 245 3726 dextri,
256 3645 389 3739 laevique
403 3645 489 3725 Dies,
505 3661 537 3711 et
550 3644 673 3727 Mensis,
690 3663 721 3713 et
733 3649 848 3729 Annus,
1018 3655 1061 3720 25
