2264 4042
446 262 561 321 unua
578 264 629 321 111.

74 421 182 487 Causa
199 420 369 499 sublustris,
384 422 539 507 alienaque
553 443 664 487 oornua
676 420 762 486 fronti

75 528 203 605 Addita,
217 550 329 612 vosque
343 549 434 592 canes
448 529 557 592 satiatae
573 529 712 612 sangnine
723 528 818 592 herili.

17 660 37 673 ··
76 635 122 699 At
136 634 214 698 bene
229 634 253 698 si
268 656 402 719 quaeras3
425 632 564 697 Fortunae
578 635 691 698 crimen
705 634 734 697 in
749 635 809 712 illo,

76 741 151 804 Non
166 740 266 806 scelus
277 741 418 805 invenies.
463 738 557 816 Quod
572 740 652 803 enirn
667 741 765 804 scelus
777 761 859 805 error
870 738 1023 806 habebat?

122 846 186 910 Dat
196 868 298 931 sparso
312 846 400 931 capiti
414 845 525 909 vivacis
538 867 650 910 cornua
663 846 763 909 cervi:
996 848 1056 911 120

60 1031 65 1041 ¹
76 954 143 1019 Dat
156 953 283 1038 spatium
297 951 397 1015 collo:
419 972 610 1036 summasque
624 951 792 1015 cacuminat
805 973 914 1017 aures:

31 1068 35 1074 '
77 1058 162 1128 Cum
176 1057 362 1144 pedibusque
376 1078 492 1133 manus,
507 1078 577 1120 cum
592 1056 685 1141 longis
699 1057 822 1123 brachia
834 1070 928 1122 mutat

10 1171 16 1175 '
75 1163 244 1229 Cruribus:
266 1161 386 1225 etvelat
398 1162 553 1225 macrrloso
565 1163 676 1227 vellere
690 1184 809 1248 eorpus.

73 1267 204 1337 Addiws
218 1281 249 1332 et
261 1288 354 1353 pavor
367 1279 422 1331 est.
468 1264 558 1351 Fugit
568 1269 734 1332 Autoneius
746 1269 857 1335 heros:

76 1369 756 1456 Etsetarnueleremeursumiraturinipso.
991 1373 1053 1437 125

75 1471 122 1540 Ut
131 1471 203 1537 verb
217 1471 308 1536 solitis
322 1492 375 1535 sua
388 1492 501 1536 oornua
513 1471 585 1534 vidit
598 1471 629 1535 in
642 1473 739 1548 undis,

75 1572 153 1640 ‘Me
166 1572 347 1639 miserumt’
362 1572 495 1636 diotrrrus
509 1584 595 1635 erata
616 1572 768 1636 voxnulla
781 1585 885 1638 suante
897 1586 953 1640 ost.

73 1675 244 1761 Ingemuit3
264 1690 327 1736 uox
339 1673 388 1736 illa
402 1671 474 1736 fuit:
494 1673 695 1758 lanryrnaequo
709 1690 831 1760 perora

74 1778 150 1842 Non
164 1800 217 1843 sua
231 1775 390 1840 fluxerunt.
435 1773 526 1840 Mens
540 1775 651 1839 tantiun
662 1777 782 1861 pristina
796 1779 911 1846 mansit.

119 1882 204 1957 Quid
215 1878 329 1946 faeiat?
350 1874 503 1965 repetatne
515 1881 647 1959 domurn,
662 1883 773 1967 regalia
787 1885 890 1950 tecta?
992 1888 1052 1951 130

73 1988 127 2051 An
139 1987 228 2050 lateat
242 1982 345 2049 silvis?
367 1985 453 2050 timor
467 1985 535 2063 hoo,
550 1986 645 2071 pudor
660 1989 783 2072 impedit
795 1989 878 2052 illud.

72 2091 161 2156 Dum
176 2090 297 2166 dubitat,
308 2089 409 2153 videre
423 2111 533 2154 canes:
555 2091 724 2175 primusque
741 2091 920 2180 Melampus

70 2192 308 2276 Ichnobatesque
323 2212 416 2274 sagax
429 2191 534 2255 latratu
548 2192 630 2276 signa
645 2193 767 2258 dedere.

71 2298 150 2363 Inde
163 2310 252 2362 rutmt
264 2297 311 2361 alii
320 2295 426 2381 rapida
438 2296 570 2361 velocius
584 2296 670 2374 aurit,

72 2399 221 2485 Quosque
234 2397 347 2463 referre
362 2419 447 2461 mora
461 2411 516 2462 est.
562 2396 612 2461 Ea
626 2398 711 2462 truba
725 2399 865 2486 cupidine
878 2402 985 2490 preda

71 2501 138 2566 Per
151 2523 250 2586 rupes,
265 2499 474 2584 scopulosque,
489 2498 628 2585 adituque
643 2502 773 2567 carentia
787 2525 871 2585 saxa,
988 2506 1047 2571 136

69 2601 150 2679 Qut
162 2603 210 2667 via
223 2602 360 2679 difficilis,
374 2601 493 2687 quique
508 2617 553 2667 est
563 2603 610 2667 via
621 2605 710 2682 nulla,
722 2604 863 2671 seruntur.

70 2705 129 2771 1110
143 2704 225 2790 sugit,
239 2727 294 2790 per
308 2725 372 2790 qure
387 2702 483 2768 fuerat
495 2705 563 2769 loca
576 2727 655 2791 saepe
670 2721 798 2772 secutus.
871 2770 874 2774 ,

70 2810 147 2876 Heu
162 2809 288 2874 famulos
302 2808 375 2893 fugit
388 2809 452 2895 ipse
466 2811 556 2875 suos!
580 2811 710 2877 clamare
724 2811 844 2891 libebat,

70 2917 217 2980 ‘Actaeon
232 2937 289 2999 ego
304 2937 390 2978 sum:
413 2915 564 2979 dominum
578 2917 747 3000 cognoscite
761 2919 914 2984 ventrina!
988 2925 1048 2984 140

72 3017 177 3081 Verba
192 3017 290 3080 anirno
305 3017 432 3080 desunt:
454 3031 573 3080 resonat
586 3017 736 3082 latratibus
751 3019 852 3082 ather.

70 3120 177 3186 Prirna
191 3121 406 3187 Melanchaetes
419 3123 449 3186 in
463 3137 547 3206 tergo
562 3122 682 3186 vulnera
697 3121 789 3189 secit:

72 3224 217 3289 Proxima
231 3225 451 3307 Theridamas3
472 3224 683 3310 Oresitrophos
696 3225 779 3292 haesit
791 3227 822 3293 in
835 3249 929 3297 armo.

68 3327 204 3392 Tardius
218 3329 362 3407 exierant,
377 3330 431 3394 sed
445 3340 499 3416 par
513 3329 691 3413 compendia
704 3332 811 3397 montis

68 3433 242 3518 Anticipata
255 3435 303 3498 via
317 3449 372 3499 est.
417 3434 582 3499 Dominum
595 3434 785 3503 retinentibus
798 3438 854 3504 illis
986 3447 1045 3508 145

68 3537 192 3603 Cetera
204 3539 290 3602 turba
303 3540 374 3616 coit,
387 3539 560 3625 confertque
575 3540 605 3604 in
619 3563 743 3627 oorpore
758 3543 873 3609 dentes.

67 3642 140 3713 Jarn
155 3643 223 3709 loca
237 3644 405 3718 vulneribus
419 3645 536 3712 desunt.
581 3646 683 3713 Gornit
695 3649 755 3727 ille,
771 3670 945 3736 sonumque,
