2264 4042
348 254 463 317 umbe
479 257 557 315 xlv,

64 414 156 480 soceri
171 428 329 499 sceptrum,
340 435 397 478 nee
411 428 452 491 te,
467 413 593 479 Lavinia·
604 412 695 496 virgo,

59 521 163 583 vicisse
177 533 277 605 petunt
291 542 298 581 :
321 520 547 602 deponendique
561 518 675 602 pudore
739 546 742 551 ·

55 647 67 687 a
82 640 193 708 gerunt.
237 624 437 708 Tandemque
453 621 555 687 Venus
569 622 698 687 victricia
711 622 770 685 nati

55 730 187 792 avidet:
209 728 387 811 Turnusque
401 729 480 791 cadit
492 751 501 806 3
537 728 617 791 eadit
630 728 741 804 Ardea,
755 723 861 799 Turno

55 833 107 908 ite,
123 834 200 895 dicta
213 848 328 915 potens.
373 831 475 905 Quam
489 830 644 916 po⁸stquam
657 833 799 897 barbarus
811 831 886 916 ignis

54 936 115 1012 ulit,
131 950 160 998 et
174 936 275 1019 tepidd
288 938 433 1000 latuerunt
446 951 526 1000 tecta
540 935 657 1016 savilld3

55 1042 127 1123 geria
143 1062 161 1104 e
176 1040 276 1104 medid
290 1054 351 1104 tum
365 1041 491 1124 primum
506 1042 622 1125 cognita
636 1061 750 1126 praepes
909 1042 949 1103 65

55 1146 129 1221 rolat,
144 1160 174 1208 at
189 1147 302 1210 cineres
315 1147 429 1230 plausis
440 1147 593 1210 everberat
609 1147 670 1210 alis.

55 1271 130 1326 mus,
146 1264 175 1312 et
189 1253 309 1327 macies,
325 1265 355 1314 et
368 1252 472 1335 pallor,
487 1266 525 1313 et
535 1251 642 1326 omnia,
658 1262 778 1334 captam

70 1355 195 1417 deceant
209 1357 323 1431 urbem,
337 1377 446 1418 nomen
461 1376 577 1439 quoque
592 1355 697 1418 mansit
707 1356 737 1417 in
750 1354 801 1417 illd

55 1480 86 1519 ss
109 1473 138 1520 et
152 1460 215 1541 ipsa
230 1459 288 1522 suis
303 1460 484 1542 deplangitur
498 1460 600 1522 Ardea
615 1460 729 1541 pennis.

56 1583 146 1644 mque
162 1563 235 1625 deos
248 1583 363 1637 omnes,
376 1563 534 1645 ipsamque<
548 1561 658 1625 AEneia
671 1563 760 1626 virtus
905 1565 951 1626 to

55 1688 124 1728 nem
139 1681 254 1729 veteres
266 1667 349 1729 finire
363 1669 503 1749 co'e'gerat
515 1667 573 1729 iras
586 1689 594 1729 ε

55 1816 66 1845 ,
82 1769 158 1832 bene
173 1770 299 1834 fundatis
311 1772 416 1855 opibus
433 1773 592 1836 crescentis
605 1771 671 1851 liili,

56 1877 183 1957 pestivus
198 1891 260 1939 erat
273 1878 350 1940 coelo
365 1875 544 1960 Cythereius
562 1879 670 1958 heros3

55 1978 185 2061 ieratqne
198 1978 301 2044 Venus
316 2002 456 2064 superos:
478 1983 614 2066 colloque
628 1985 757 2065 parentis

55 2081 162 2144 nnsusa
176 2084 229 2159 sui,
246 2085 425 2167 ‘Nunquam
439 2085 531 2159 mihi‚'
546 2086 670 2161 dixerat,
687 2086 768 2148 ‘ullo
906 2094 947 2152 75

55 2207 126 2268 pore
142 2188 214 2250 dure
230 2203 322 2271 pater,
337 2209 415 2249 nunc
430 2188 470 2250 sis
479 2174 654 2251 mitissimus
668 2208 744 2267 0r0;

56 2311 137 2374 aeque
154 2313 232 2367 men,
245 2293 293 2374 qui
308 2306 337 2354 te
353 2293 391 2354 de
407 2291 546 2372 sanguine
561 2304 660 2354 nostro

55 2410 174 2472 ravum,
191 2395 324 2478 quamvis
337 2416 472 2478 parvum,
488 2396 551 2472 des,
567 2395 687 2478 optime,
702 2418 833 2479 numen;
851 2445 854 2448 -

55 2501 147 2562 modo
159 2501 212 2562 des
227 2499 354 2583 aliquod.
400 2499 478 2562 Satis
492 2514 537 2563 est
550 2501 705 2566 inamabile
720 2524 844 2588 regnum

55 2605 156 2666 »exisse
172 2605 272 2681 semel,
289 2603 406 2687 Stygios
417 2606 509 2668 semel
523 2605 581 2671 isse
595 2610 781 2692 permanes?
909 2615 951 2677 80

55 2708 144 2770 msere
160 2709 207 2770 dei
221 2732 229 2770 ε
251 2730 307 2772 nec
320 2708 430 2794 conjux
444 2711 525 2792 regia
535 2690 629 2775 uultus

55 2827 117 2875 otos
132 2813 233 2888 tenuit,
248 2813 422 2896 placatoque
435 2815 608 2878 annuitore.

55 2942 61 2979 ι
76 2935 168 3002 pater,
184 2924 192 2954 ‘
206 2917 307 2992 Estis,’
322 2918 370 2994 ait,
386 2920 518 2982 ‘coelesti
533 2943 655 2984 munere
670 2923 758 3004 digni,

54 3045 110 3106 que
125 3024 208 3106 petis,
224 3045 277 3106 pro
292 3043 409 3104 quoque
418 3023 493 3105 petis
506 3045 513 3084 τ
535 3045 620 3107 cape,
641 3039 717 3102 nata,
733 3029 812 3110 quod
828 3034 933 3116 optas-²

55 3142 110 3191 utus
124 3143 196 3190 erat.
230 3126 359 3201 Gaudet,
374 3139 527 3209 gratesque
542 3128 600 3210 agit
614 3128 661 3192 illa
675 3133 807 3214 parenti:
906 3139 946 3201 85

55 3255 94 3317 ue
109 3236 189 3296 leves
205 3254 289 3296 auras
299 3231 407 3318 junctis
421 3231 537 3294 invecta
552 3234 693 3298 columbis

55 3362 72 3401 s
84 3339 144 3400 adit
158 3337 314 3416 Laurens3
336 3337 385 3398 ubi
401 3350 494 3399 tectus
509 3339 648 3428 arundine
668 3344 758 3427 serpit

55 3458 100 3505 eta
114 3442 258 3506 flumineis
272 3443 365 3506 vicina
380 3442 536 3506 Numicius
551 3445 646 3509 undis.

55 3549 161 3632 :jubet
176 3549 291 3624 AEneae,
305 3569 487 3633 quacunque
506 3550 632 3614 obnoxia
646 3555 741 3631 morti,

56 3675 105 3715 ere
118 3677 128 3731 3
151 3668 180 3717 et
193 3653 280 3715 tacito
295 3653 409 3720 deferre
422 3656 477 3718 sub
492 3676 607 3740 aequora
620 3677 718 3720 eursu.
903 3661 945 3725 90

233 3756 292 3818 12*
