2264 4042
423 246 538 303 LIBER
557 246 606 302 IV.

72 407 182 475 Pande
196 406 352 493 requirenti
366 428 475 469 nornen
489 421 633 489 terreque
648 417 791 487 tuumque
803 425 813 482 3

74 515 119 580 Et
133 537 186 578 cur
201 514 295 576 vincla
310 513 417 596 geras?
462 511 566 574 Prirnd
581 511 645 574 silet
659 511 728 572 illa:
750 531 808 573 nec
823 508 914 573 audet

74 622 237 707 Appellare
251 621 345 683 virum
360 620 463 702 virgo:
485 618 678 701 manibusque
693 617 844 680 modestos

76 728 214 792 celasset
228 728 342 805 vultus3
365 726 389 788 si
400 732 459 787 non
473 722 594 807 religata
608 721 720 785 fuisset.
989 723 1053 784 320
1079 737 1097 753 ·

77 834 217 909 Lumina,
234 833 313 917 quod
328 832 431 916 potuit,
446 830 585 913 lacrymis
600 828 731 912 implevit
744 829 863 892 obortis.

78 939 193 1023 Saepius
207 938 332 1013 instanti,
347 959 402 999 sua
415 958 453 998 ne
469 935 576 998 delicta
590 934 674 998 fateri

78 1044 169 1108 Nolle
184 1045 342 1119 videretur,
358 1064 465 1106 nomeu
481 1056 624 1128 terraeque
640 1063 795 1126 suumque,

78 1149 262 1233 Quantaque
276 1164 415 1211 materne
431 1147 517 1210 fuerit
531 1148 640 1210 fiducia
655 1146 766 1223 sormae,

79 1253 204 1316 Iudicat.
251 1252 302 1329 Et,
317 1253 448 1317 nondum
464 1253 635 1316 memoratis
648 1255 794 1329 omnibus,
809 1252 890 1317 unda
991 1256 1054 1316 325

78 1358 232 1422 Insonuit:
253 1359 432 1442 veniensque
447 1359 592 1422 immenso
607 1359 704 1422 bellua
719 1372 808 1443 ponto

80 1462 213 1538 Eminet,
229 1477 260 1525 et
273 1464 365 1526 latum
380 1464 433 1526 sub
448 1478 570 1547 pectore
585 1465 716 1546 possidet
730 1484 840 1545 aeqnor.

81 1567 260 1633 Conclamat
275 1569 376 1650 virgo:
399 1569 511 1649 genitor
525 1568 666 1648 lugubris,
682 1581 712 1628 et
727 1588 829 1629 amens

81 1673 183 1738 Mater.
197 1674 283 1737 adest
295 1696 304 1752 3
326 1673 414 1734 ambo
425 1672 534 1749 miseri,
550 1672 603 1734 sed
613 1671 720 1756 justius
734 1673 792 1735 illa.

80 1776 149 1840 Nec
165 1797 269 1840 secum
286 1775 437 1850 auxilium,
453 1774 507 1836 sed
523 1774 626 1857 dignos
640 1790 774 1860 tempore
789 1775 885 1855 fletus,
993 1781 1057 1842 330

80 1882 318 1966 Plangoremque
334 1880 452 1944 serunt:
474 1881 629 1965 vinctoque
645 1882 674 1943 iu
689 1904 813 1967 corpore
829 1885 990 1950 adherent.

83 1987 165 2052 Ciun
181 1987 223 2051 sic
238 1988 345 2071 hospes
361 1988 418 2049 ait:
442 1985 681 2070 ‘Lacrymarurn
695 1989 783 2071 longa
798 2010 920 2053 manere

84 2093 239 2177 Tempora
253 2115 305 2156 vos
320 2107 479 2177 poterunt:
502 2093 539 2155 ad
554 2114 644 2177 opem
658 2095 756 2157 brevis
770 2095 844 2158 hora
858 2095 1012 2161 ferendam

259 2213 313 2262 est.

85 2303 176 2368 Hanc
191 2326 248 2388 ego
263 2305 287 2366 si
301 2317 436 2388 peterem
452 2303 582 2366 Perseus
596 2301 672 2365 Jove
687 2316 782 2379 natus,
798 2304 889 2368 atille

85 2409 233 2494 Gorgonis
249 2410 430 2490 anguicomae
445 2406 577 2470 Perseus
593 2422 756 2491 superator,
772 2421 802 2472 et
817 2410 869 2473 alis
997 2417 1060 2478 335

87 2515 248 2580 AEthereas
263 2535 352 2577 ausus
361 2512 480 2597 jactatis
494 2512 536 2576 ire
551 2536 605 2597 per
620 2534 725 2594 auras3

88 2618 249 2683 Praeserrer
263 2618 376 2681 cunctis
390 2619 470 2681 certe
487 2639 588 2702 gener.
634 2618 758 2684 Addere
772 2623 859 2685 tantis

86 2725 216 2793 Dotibus
230 2739 261 2787 et
274 2724 411 2787 meritum
428 2722 560 2808 (faveant
573 2724 664 2787 modo
678 2725 813 2812 numina)
828 2741 919 2792 tento.

88 2828 132 2894 Ut
146 2850 215 2892 mea
225 2829 270 2905 sit,
286 2842 400 2891 servata
413 2828 483 2891 meir
498 2830 611 2905 virtute,
627 2831 783 2914 paciscor!

87 2936 248 3020 Accipiunt
261 2934 369 3018 legem,
391 2933 470 3020 (quis
485 2936 564 2998 enirn
578 2917 763 3024 dubitareti)
780 2953 809 3001 et
822 2956 915 3020 orant,
1001 2947 1065 3010 340

89 3040 326 3124 Proruittuntque
338 3039 426 3122 super
440 3061 564 3121 regnum
579 3041 688 3117 dotale,
703 3056 850 3126 parentes.

77 3156 80 3161 '
136 3145 222 3209 Ecce
237 3147 319 3209 velut
329 3144 421 3221 navis,
437 3144 559 3227 praefixo
573 3146 690 3209 concita
704 3160 807 3225 rostro,

94 3250 198 3315 Sulcat
212 3271 313 3334 aquas,
323 3249 469 3334 juvenum
480 3250 651 3314 sudantibus
667 3267 733 3315 acta
747 3253 884 3337 lacertis3

95 3355 146 3420 Sic
162 3354 234 3432 sera,
250 3356 366 3419 dimotis
380 3357 506 3442 impulsu
522 3357 651 3440 pectoris
665 3359 760 3437 undis,

93 3457 226 3525 Tantum
241 3463 342 3526 aberat
356 3464 493 3547 scopulis,
508 3478 649 3555 quanturu
664 3464 821 3532 Balearica
834 3468 910 3536 torto
1004 3479 1067 3539 345

95 3564 204 3629 Funde
219 3580 315 3650 potest
328 3569 450 3652 plumbo
465 3569 765 3637 medii'transmittere
777 3575 872 3640 coeli:

93 3665 171 3728 Cdm
184 3668 282 3729 subito
285 3668 418 3752 juranis,
431 3675 566 3758 pedibus
580 3677 689 3745 tellure
704 3678 845 3766 repulse,
936 3706 939 3711 ’
