2266 4020
392 230 564 293 munit

58 416 92 459 us
107 393 238 479 auspicio
252 390 387 477 gravior:
409 411 478 453 nam
494 404 596 473 nupta,
610 409 664 473 per
679 387 787 453 herbas

58 525 64 563 ι
78 523 156 564 nove
170 498 324 564 Naiadum
336 496 422 561 turbis
437 496 576 560 comitata
591 508 723 578 vagatur,

58 607 114 684 dit,
130 608 159 670 iu
173 607 272 670 talum·
280 604 425 690 serpentis
440 602 529 665 dente
544 615 677 685 recepte.
921 594 962 663 ld

58 735 84 775 m
100 711 168 777 satis
183 713 222 777 ad
236 733 359 797 superas
374 723 529 794 postquam
544 707 742 791 Rhodopeius
757 727 843 772 auras
947 718 952 723 '

58 819 113 881 evit
126 837 230 898 vares3
251 840 290 881 ne
305 840 364 880 non
378 830 505 879 tentaret
518 827 548 879 et
562 815 693 890 umbras

58 925 140 1008 {tyge
154 923 294 989 Taenarii
308 936 353 987 est
368 943 457 986 ausus
472 919 657 985 descendere
669 918 763 1002 pont.

58 1051 100 1112 rue
115 1031 197 1093 leves
211 1029 346 1113 populos,
361 1027 575 1112 simrdacraque
591 1025 692 1091 functa
705 1025 858 1110 sepulcris,

58 1135 195 1219 ephonen
211 1135 292 1211 adiit,
306 1135 515 1219 inamoenaque
530 1154 622 1218 regna
636 1146 787 1196 tenentem
919 1135 959 1195 15

58 1261 161 1303 nerum
176 1240 350 1305 dominum:
372 1240 523 1324 pulsisque
539 1239 577 1303 ad
591 1238 723 1302 carmina
732 1238 830 1302 nervis

58 1345 107 1424 tit3
130 1344 179 1408 ‘O
193 1346 279 1429 positi
293 1347 348 1411 sub
362 1344 442 1410 terri
454 1346 577 1409 numina
590 1344 704 1420 mundi,

58 1472 118 1512 rem
133 1452 292 1515 recidimus
307 1451 450 1535 quidquid
464 1451 587 1515 mortale
602 1471 760 1527 creamur3

58 1570 105 1632 :et‚
121 1571 160 1633 et,
176 1556 240 1620 falsi
254 1556 355 1640 positis
370 1555 544 1637 ambagibus
558 1554 626 1630 oris,

58 1663 149 1747 ¹loqui
164 1663 274 1741 sinitis3
294 1683 353 1723 non
368 1662 439 1737 huc,
454 1674 487 1723 ut
500 1680 596 1743 opaca
609 1658 742 1723 viderem
912 1664 956 1726 20

58 1789 113 1843 na,
129 1767 290 1846 descendi3
311 1788 369 1831 nac
384 1764 425 1829 uti
439 1765 541 1829 villosa
555 1766 682 1831 colubris
987 1751 993 1759 ⁸

58 1893 81 1934 ia
95 1872 241 1937 Medusaei
255 1872 398 1937 vincirem
411 1884 528 1956 guttura
543 1873 673 1938 monstri.

60 1978 144 2043 aviae
160 1979 291 2064 conjux:
312 1979 344 2043 in
358 1999 448 2063 quam
462 1978 577 2043 calcata
591 1998 739 2043 venenum

58 2104 89 2146 ra
103 2082 238 2163 diffirdit3
260 2098 490 2169 crescentesque
506 2084 623 2147 abstulit
636 2105 738 2149 minos.
983 2157 988 2165 ,

58 2209 71 2250 e
87 2189 145 2271 pati
160 2188 259 2251 voluit
281 2209 338 2251 nec
352 2209 402 2250 me
417 2186 546 2252 tenuisse
565 2191 693 2272 negabo.
908 2196 951 2256 25

58 2292 178 2355 ;Amor.
225 2291 344 2376 Superis
358 2293 433 2355 deus
446 2293 495 2357 hic
509 2293 587 2355 bene
601 2308 688 2357 notus
702 2294 732 2357 in
745 2294 799 2358 ord
812 2311 867 2361 est.

58 2397 74 2459 it
88 2410 118 2459 et
132 2396 192 2473 hic,
209 2396 332 2460 dubim:
353 2399 407 2461 sed
423 2412 455 2461 et
467 2397 516 2461 hic
531 2411 632 2463 tamen
647 2422 773 2484 auguror
788 2422 865 2467 esse.

58 2523 130 2586 tque
146 2502 170 2565 si
184 2516 316 2565 veterem
331 2524 390 2568 non
404 2517 451 2569 est
464 2505 586 2569 mentita
599 2506 742 2592 rapinam,

58 2629 169 2692 uroque
179 2607 279 2693 junxit
291 2608 397 2673 Amor.
420 2609 483 2675 Per
497 2633 554 2696 ego
564 2613 630 2676 haec
644 2614 711 2677 loca
725 2614 814 2699 plena
828 2616 950 2695 timoris,

58 2710 153 2776 Chaos
166 2715 225 2777 hoc
239 2714 352 2799 ingens,
367 2716 500 2801 vastique
516 2717 629 2783 silentia
642 2721 736 2805 regni,
908 2727 953 2787 30

58 2818 150 2895 dices,
165 2841 228 2895 oro,
243 2834 401 2904 pmperata
413 2822 538 2887 retexite
552 2824 612 2888 fila.

58 2924 82 2988 ia
96 2923 242 2987 debemur
255 2924 338 2988 vobis
354 2944 362 2986 ε
381 2926 563 3013 paulirmque
577 2932 692 3007 morati,

60 3050 74 3091 s
89 3042 139 3091 aut
153 3029 239 3092 citius
251 3029 356 3095 sedem
370 3052 563 3116 properamus
577 3034 617 3098 ad
627 3058 728 3099 unam.

59 3133 136 3195 imus
149 3134 208 3197 huc
222 3154 337 3210 omnes,
352 3132 417 3198 haec
431 3149 478 3199 est
491 3136 598 3203 domus
612 3139 732 3205 ultima:
753 3156 865 3229 vosque
906 3178 912 3199 ι

58 3238 103 3301 ani
118 3236 651 3326 generis'longissimaregnatsnetis.
904 3256 947 3317 35

61 3364 190 3428 quoque,
204 3344 274 3407 crim
284 3345 380 3431 justos
393 3360 509 3412 matina
522 3352 670 3436 peregerit
683 3376 785 3435 annos,

61 3450 117 3511 erit
129 3449 229 3512 vestri.
273 3448 337 3515 Pro
351 3474 474 3517 munere
489 3456 639 3538 poscimus
653 3482 751 3525 usum.

58 3564 61 3616 t
77 3554 101 3616 si
116 3552 177 3617 sata
189 3568 299 3639 negant
311 3559 429 3623 veniam
443 3582 498 3644 pro
512 3563 649 3649 conjuge,
663 3581 778 3633 certum
792 3584 838 3637 est

71 3658 170 3725 redire
183 3658 266 3723 mihi.
310 3660 391 3729 Leto
402 3667 532 3751 gaudete
547 3668 695 3737 duonum?

224 3769 244 3829 9
