2264 4042
127 250 188 312 184
263 278 268 287 ·
329 248 495 305 rnrsrrn.
515 248 586 303 nm.
606 227 655 301 iv.
677 244 817 301 mrtem
838 245 873 298 x.

124 400 235 480 Gratia,
251 403 349 483 Musa,
365 407 425 469 tibi.
472 406 553 469 Nam
568 419 598 467 tn
615 404 713 466 solatia
728 403 864 486 praebes3

165 508 217 571 Tu
232 531 309 573 curae
324 512 450 595 requies,
461 526 492 573 tn
509 510 655 572 medicina
669 508 758 570 mali:

127 612 177 675 Tu
194 614 267 692 dux,
282 630 312 678 tu
328 638 431 679 eomes
446 638 499 678 es:
522 633 553 679 tu
568 638 621 679 nos
637 614 758 677 abducis
773 613 809 674 ab
824 612 898 674 Istro

164 718 199 782 In
215 721 372 804 medioque
389 722 459 783 mihi
475 722 527 783 das
543 720 690 783 Helicone
705 721 814 781 locum.
1035 721 1090 776 120

120 821 171 885 Tu
186 825 255 886 mihi
271 824 366 910 (quod
381 825 493 911 rarum)
509 826 574 888 vivo
589 826 711 888 sublime
728 823 833 885 dedisti

163 929 282 993 Nomen
296 954 306 1010 ;
328 933 364 993 ab
380 933 527 1014 exsequiis
543 932 620 1014 quod
637 931 707 992 dare
724 928 820 990 Fama
834 927 917 990 solet.

119 1034 198 1112 Neo,
215 1038 264 1120 qui
280 1037 424 1099 detrectat
438 1038 600 1120 praesentia,
617 1036 708 1097 Livor
723 1035 821 1117 iniquo

162 1140 265 1204 Ullum
280 1143 318 1204 de
334 1143 437 1205 nostris
453 1143 540 1203 dente
556 1142 712 1202 momordit
727 1163 810 1223 opus.

118 1247 210 1325 Nam,
226 1249 341 1310 tulerint
355 1269 477 1331 magnos
491 1246 561 1309 crim
576 1247 681 1308 saecula
696 1261 793 1308 nostra
809 1249 922 1328 poetas,
1028 1249 1082 1306 126

162 1353 234 1415 Non
248 1352 301 1416 suit
315 1353 431 1436 ingenio
446 1353 540 1415 Fama
556 1353 682 1434 maligna
696 1373 775 1413 meo.

120 1455 262 1543 Crimque
277 1480 334 1543 ego
348 1480 516 1542 praeponarn
532 1458 637 1520 multos
652 1457 743 1536 mihi;
766 1479 824 1518 non
840 1457 934 1520 minor
950 1457 1004 1520 illis

162 1565 278 1629 Dicor:
300 1577 329 1627 et
343 1565 372 1626 in
387 1578 448 1626 toto
461 1563 602 1647 plurimus
616 1564 688 1626 orbe
702 1563 793 1646 legor.

121 1670 154 1733 Si
170 1671 239 1754 quid
251 1671 360 1733 habent
373 1670 458 1753 igitur
472 1684 571 1732 vatum
586 1669 726 1751 presagia
740 1669 821 1748 veri3

162 1774 301 1838 Protinus
315 1788 347 1836 ut
361 1775 478 1849 moriar,
493 1795 551 1835 non
567 1794 628 1847 ero,
644 1787 731 1849 terra,
746 1787 823 1836 tuus.
1024 1777 1079 1835 130

122 1879 191 1942 Sive
207 1876 306 1941 favore
321 1878 383 1954 tuli,
397 1878 458 1941 sive
473 1879 550 1940 hano
564 1899 622 1960 ego
636 1878 767 1940 carmine
782 1877 904 1955 samam,

164 1981 236 2047 Jure
252 1983 302 2048 tibi
317 1996 424 2071 gretes,
439 1983 566 2048 candide
580 1984 682 2060 lector,
698 2005 764 2067 ago.
