2264 4042
444 244 558 303 nunu
570 246 633 301 XV.
985 243 1046 303 let

26 394 32 403 ¹
73 404 246 490 Tyndaris:
268 421 297 468 et
312 426 424 480 secum,
440 425 493 466 cur
508 404 544 466 sit
557 403 601 465 bis
616 415 707 484 rapta,
723 399 852 483 requirit.

73 510 210 594 Tempus
226 512 304 573 edax
318 532 427 586 rerum,
442 523 544 591 tuque,
558 508 699 569 invidiosa
712 518 851 579 vetustas,
985 504 1046 563 170

73 616 184 678 Omnia
199 616 361 678 destruitis:
374 616 530 697 vitiataque
546 613 680 675 dentibus
695 611 747 674 aevi

71 719 220 783 Paulatim
235 720 314 783 lenti
327 720 497 783 consumitis
511 719 611 780 omnia
625 730 730 779 morte.

115 826 166 888 Ne
180 841 279 888 tamen
294 825 389 888 oblitis
404 825 441 887 ad
457 838 567 886 metam
582 823 705 886 tendere
727 822 812 904 longe

70 928 282 1013 Exspatiemur
298 931 380 1013 equis
393 952 402 1008 3
416 931 536 1006 eoelnm,
551 943 582 992 et
596 928 793 1013 quodcunque
808 927 862 989 sub
877 925 926 989 illo
941 940 996 1002 est,

67 1034 208 1098 lmmutat
222 1035 340 1112 formas,
356 1037 508 1118 tellusque,
525 1051 555 1098 et
569 1036 708 1119 quicquid
724 1035 752 1097 iu
766 1033 816 1097 illa
830 1047 884 1097 est.
986 1037 1046 1094 175

67 1139 135 1203 Nos
150 1162 268 1223 quoque
283 1163 350 1224 pars
365 1142 476 1217 mundi,
493 1140 647 1227 (quoniam
662 1163 719 1203 nou
734 1161 861 1223 corpora
875 1138 982 1213 sulum,

65 1242 181 1306 Verum
197 1246 285 1307 etiam
299 1247 433 1310 volucres
449 1248 551 1309 animae
567 1270 678 1322 sumus,
694 1248 783 1329 iuque
798 1244 907 1307 ferinas

65 1347 230 1412 Possumus
245 1350 286 1411 ire
302 1351 417 1426 domos,
434 1352 645 1434 pecudumque
660 1352 687 1412 in
703 1366 824 1434 pectora
839 1346 953 1433 coudi‚)

64 1451 212 1536 Corpora,
228 1476 291 1536 quae
307 1456 418 1537 possint
433 1457 545 1519 aniruas
559 1458 696 1519 habuisse
713 1470 877 1539 pareutum,

63 1558 127 1621 Aut
142 1558 273 1634 fratrum,
283 1574 332 1621 aut
343 1561 439 1643 aliquo
449 1562 619 1645 junctorum
632 1561 744 1623 loedere
759 1560 852 1634 uobis
985 1562 1046 1621 leo
1064 1628 1075 1647 ι

62 1663 126 1725 Aut
139 1664 292 1725 homiuum
307 1665 399 1741 certe,
414 1680 475 1727 tuta
490 1687 556 1728 esse
572 1681 602 1728 et
616 1666 738 1728 honesta
753 1665 900 1728 sinamus:

61 1767 152 1830 Neve
165 1767 327 1851 Thyesteis
342 1771 528 1833 cumulemur
541 1771 655 1835 viscera
669 1771 789 1834 mensis.

60 1871 165 1945 Quam
180 1874 257 1935 male
272 1876 448 1951 consuescit,
465 1876 552 1959 quam
568 1898 600 1940 se
614 1891 698 1962 parat
709 1877 756 1940 ille
771 1878 869 1941 cruori

58 1976 173 2061 Impius
186 1978 325 2056 humano,
341 1981 419 2043 vituli
435 1982 483 2064 qui
498 1997 614 2066 guttura
628 1984 721 2047 cultro

58 2082 186 2166 Rumpit
198 2105 207 2160 3
222 2099 252 2146 et
265 2085 401 2149 immotas
415 2089 525 2170 praebet
540 2090 699 2170 mugitibus
713 2090 819 2152 aures!
980 2093 1039 2153 185

57 2189 121 2252 Aut
136 2189 184 2272 qui
198 2191 310 2272 vagitus
326 2192 435 2255 similes
450 2193 610 2275 puerilibus
624 2194 743 2257 haedum

56 2290 210 2355 Edentem
220 2294 356 2378 jugulare
372 2310 489 2378 potest;
505 2311 554 2357 aut
569 2297 636 2358 alite
651 2297 743 2373 vesei,

56 2396 116 2460 Cui
132 2398 214 2461 dedit
227 2400 291 2482 ipse
306 2400 409 2462 eibos!
426 2414 567 2482 quantum
582 2415 635 2477 est,
652 2403 732 2485 quod
747 2403 822 2466 desit
836 2404 865 2466 in
880 2404 940 2469 ist1s

54 2503 105 2565 Ad
122 2504 244 2586 plenum
259 2502 392 2566 lacinus!
410 2504 468 2587 qud
483 2507 618 2570 transitus
632 2508 700 2571 iude
722 2512 863 2593 paratur!

98 2607 163 2670 Bos
178 2623 249 2685 aret,
262 2623 312 2670 aut
325 2623 451 2673 mortem
466 2612 627 2677 senioribus
649 2615 771 2700 imputet
782 2618 885 2681 annis:
975 2623 1036 2684 190

53 2710 243 2786 Horrilerum
256 2729 358 2777 eontra
373 2715 493 2781 Borean
509 2720 572 2782 ovis
586 2742 669 2784 arma
690 2723 851 2789 ministret:

51 2814 157 2879 Ubera
171 2818 241 2881 deut
256 2835 358 2882 satura
374 2823 508 2886 manibus
522 2828 683 2908 pressanda
697 2830 829 2912 capellae.

50 2921 143 2984 Retia
156 2945 225 2986 eum
240 2926 363 3008 pedicis,
379 2927 560 3013 laqueosque
575 2948 712 3017 artesque
728 2936 846 2999 dolosas

50 3025 161 3089 Tollite
177 3050 184 3088 ε
199 3051 255 3091 nee
269 3031 420 3093 volucrem
435 3035 546 3097 viscata
560 3035 647 3099 sallite
670 3038 773 3120 virgi:

49 3130 120 3193 Nee
136 3131 295 3196 formidatis
309 3157 414 3198 cervos
428 3137 567 3200 includite
583 3142 676 3223 pinnis
690 3164 697 3202 :
968 3154 1029 3217 195

48 3236 120 3299 Nec
136 3239 230 3301 celate
245 3241 316 3304 cibis
332 3263 426 3305 uncos
441 3242 592 3309 fallacibus
612 3248 726 3314 hamos.

47 3340 181 3418 Perdite,
192 3344 215 3406 si
232 3366 289 3427 qua
304 3364 432 3411 nocent:
448 3350 551 3412 verrim
567 3353 630 3417 hac
641 3376 760 3442 quoque
773 3361 886 3443 perdite
901 3366 1024 3430 tantlrm.

49 3444 113 3509 Ora
126 3463 233 3511 vacent
248 3453 351 3534 epulis,
368 3454 566 3540 alimentaque
582 3480 713 3545 congrua
723 3468 895 3550 carpant.”’
