2264 4042
347 256 462 315 amau
480 256 558 313 XIII.

57 429 90 479 ‚et
103 429 133 479 et
146 414 247 478 infelix
262 413 442 477 Palamedes
457 434 522 476 csse
537 412 667 474 relictus.

59 535 104 583 ret
115 544 124 599 ;
147 534 197 583 aut
210 519 289 582 certe
305 520 396 582 letum
408 519 470 581 sine
485 517 606 581 crimine
618 504 751 578 haberet.

56 647 85 687 m
99 625 176 687 male
191 625 316 688 convicti
332 624 453 687 nimium
467 643 581 684 memor
594 621 649 683 iste
664 618 769 682 suroris

56 731 115 793 lere
126 751 191 792 rem
205 730 344 793 Danaam
358 728 461 790 finxit:
482 728 644 808 fictumque
658 723 791 808 probavit

56 857 114 911 ren,
131 849 160 898 et
174 836 310 911 ostendit,
326 833 406 916 quod
419 833 483 917 jam
502 829 688 916 prasoderat,
704 850 818 892 aurum.
911 829 952 889 60

56 961 106 1022 rgo
121 941 289 1002 autexsilio
303 939 380 1002 vires
394 939 533 1004 subduxit
546 935 678 1010 Achivis,

59 1066 147 1107 neco.
195 1045 246 1107 Sic
261 1060 380 1128 pugnat,
396 1046 438 1108 sic
453 1059 498 1108 est
512 1043 698 1118 metuendus,
710 1039 844 1123 Ulysses.

65 1150 134 1212 licet
149 1151 264 1233 eloquio
278 1151 370 1213 fidum
386 1172 501 1235 quoque
517 1150 646 1212 Nestora
660 1148 766 1221 vincat,

56 1256 70 1316 l
84 1269 182 1318 tamen
198 1257 315 1333 efficiet,
331 1258 481 1319 desertum
494 1270 527 1318 ut
541 1255 672 1317 Nestora
681 1251 793 1313 crimen

56 1394 57 1412 ι
73 1382 139 1423 rear
153 1362 275 1423 nullum.
320 1360 394 1436 Qui,
409 1361 479 1423 ciam
494 1361 663 1443 imploraret
676 1355 817 1439 Ulyssem
902 1353 943 1414 65

56 1485 107 1528 ere
122 1467 223 1529 tardus
234 1467 313 1549 equi,
330 1465 483 1548 fessusque
498 1465 637 1527 senilibus
651 1461 743 1536 aunis,

55 1571 115 1634 itus
130 1595 148 1634 a
163 1573 243 1634 socio
258 1584 312 1634 est.
358 1570 427 1632 Non
442 1571 507 1630 haec
520 1568 592 1628 mihi
607 1566 728 1629 crimina
746 1565 816 1646 fingi

55 1678 131 1740 bene
147 1676 284 1759 Tydides
297 1697 305 1735 r
327 1675 377 1758 qui
391 1674 509 1737 nomine
525 1693 603 1756 sape
617 1684 755 1734 vocatum

54 1783 146 1864 ipuit3
168 1782 340 1865 trepidoque
355 1779 454 1864 sugam
470 1777 657 1862 exprobravit
671 1777 777 1840 amico.

55 1887 153 1949 ticiunt
169 1887 262 1949 oculis
277 1887 374 1971 superi
389 1886 522 1949 mortalia
532 1885 627 1970 justis.
906 1885 948 1942 to

55 2004 108 2073 get
122 1992 239 2067 auxili0‚
255 1993 303 2075 qui
318 2013 375 2054 non
390 1991 473 2054 tulit:
496 2005 586 2074 utque
600 1990 724 2072 requuit,

55 2096 216 2179 loquendus
231 2113 303 2159 erat.
348 2097 466 2179 Legem
481 2096 534 2157 sibi
550 2096 665 2156 dixerat
679 2095 752 2175 ipse.

55 2201 151 2263 :lamat
165 2202 270 2264 socios.
316 2203 432 2264 Adsum
442 2222 452 2279 ;
474 2199 620 2280 videoque
635 2210 820 2270 trementem,

55 2320 199 2388 tntemque
214 2322 305 2382 metu,
322 2329 357 2369 ac
372 2306 568 2388 trepidantem
583 2316 676 2363 morte
692 2298 797 2361 futuri.

55 2412 105 2472 tsui
123 2412 232 2472 molem
247 2411 342 2492 clypei
356 2433 365 2486 3
387 2410 507 2489 texique
520 2408 690 2490 jacentem3
904 2405 945 2465 ts

54 2516 152 2597 avique
169 2515 297 2576 animam
314 2513 480 2598 (minimum
494 2530 539 2575 est
552 2513 610 2574 hoc
625 2510 734 2595 laudis)
751 2510 885 2573 inertem.

54 2633 135 2682 trstas
150 2633 274 2695 certare,
289 2621 387 2682 locum
402 2619 559 2682 redeamus
574 2618 604 2680 in
618 2618 719 2680 illurn:

54 2723 82 2784 le
98 2725 222 2800 hostem,
238 2725 399 2807 vulnusque
408 2737 502 2799 tuum,
517 2724 691 2807 solitumque
702 2722 837 2784 timorem
851 2743 860 2782 r
886 2762 890 2774 ι

62 2828 260 2911 clypeumque
275 2830 352 2891 late:
376 2845 406 2892 et
422 2851 542 2891 mecum
557 2829 704 2892 contende
720 2828 774 2890 sub
789 2827 848 2890 illo.

54 2947 182 3015 tstquam
198 2935 288 3016 eripui
303 2958 311 3013 3
334 2936 382 2997 cui
397 2936 491 2997 standi
511 2935 631 2998 vulnera
645 2935 721 2995 vires
903 2935 945 2993 80

57 3038 209 3114 dederant,
224 3040 304 3100 nullo
317 3040 447 3100 tardatus
461 3039 582 3100 vulnere
597 3037 680 3119 sugit.

54 3157 130 3204 actor
145 3144 239 3220 adest,
255 3163 416 3225 secumque
432 3143 506 3205 deos
517 3143 546 3204 in
560 3142 663 3227 proelia
679 3141 779 3206 ducit:

54 3267 101 3329 pre
116 3248 182 3324 ruit,
197 3268 256 3315 non
269 3262 301 3310 tu
315 3247 427 3310 tantirm
442 3248 568 3324 terreris,
588 3245 708 3330 Ulysse‚

54 3349 139 3414 lortes
153 3353 260 3414 etiam:
282 3368 394 3416 tantum
408 3353 495 3415 trahit
508 3353 556 3415 ille
567 3353 686 3417 timoris.

54 3478 63 3518 ι
78 3478 134 3539 ego
148 3459 312 3540 sanguIneae
327 3480 466 3523 successu
481 3459 570 3521 caedis
584 3472 721 3522 ovantem
903 3466 943 3524 85

53 3562 116 3625 inus
129 3563 238 3646 ingenti
249 3565 416 3648 resupinum
432 3565 563 3649 pondere
578 3564 651 3628 sudi.

53 3689 62 3730 r
77 3688 133 3752 ego
147 3682 330 3752 poscentem,
345 3691 414 3733 cum
430 3691 488 3753 quo
504 3684 703 3746 concurreret,
718 3690 793 3733 unus
