2264 4042
80 213 129 283 η
404 205 781 269 unrrnosrnosron
893 289 897 298 Ι

62 369 315 542 Ψᾱὰἰοαωᾳυθ
329 367 472 447 Themin,
487 391 552 455 quae
566 392 645 434 nnnc
659 369 760 434 oracla
772 365 902 432 tenebat.

86 502 89 511 ·
121 499 161 541 on
174 477 223 540 illo
238 476 343 539 melior
358 475 523 560 quisquam,
534 471 593 540 nec
608 475 750 539 amantior
764 472 839 558 aequi

87 579 141 645 Vn
156 580 217 658 fuit,
233 580 345 645 rutilii
359 581 535 644 metuentior
548 581 608 644 ulla
622 581 758 644 deorum.

84 683 202 770 Jupiter
212 698 245 748 ut
257 684 373 769 liquidis
386 697 522 769 stagnare
536 684 692 770 paludibus
705 684 819 760 orbem,

87 788 129 854 Et
144 807 300 875 superesse
310 789 391 853 videt
405 790 444 853 de
458 803 502 854 tot
511 788 603 853 modd
617 789 744 852 millibus
757 809 860 864 unum,
998 788 1079 877 325*

86 893 130 959 Et
144 916 298 980 superesse
312 894 393 958 videt
406 894 445 957 de
459 908 502 958 tot
511 894 602 958 modb
615 894 743 958 nullibus
756 914 868 974 unsm3
886 952 888 957 .

14 1009 16 1020 ¹
85 999 233 1066 Innocuos
248 985 361 1076 ambos,
376 1001 504 1064 cultores
516 999 644 1063 numinis
659 999 784 1080 ambos3

85 1105 198 1172 Nubila
210 1106 345 1192 disjecit:
366 1104 532 1189 nimbisque
546 1103 694 1188 Aquilone
708 1103 838 1180 remotis,
914 1127 916 1131 ’

86 1209 129 1275 Et
142 1212 220 1275 coelo
235 1224 327 1274 terras
337 1209 474 1286 ostendit,
489 1224 520 1272 et
534 1209 643 1272 aerhera
656 1208 750 1272 terris.

84 1315 155 1381 Nec
169 1315 316 1380 morisim
325 1328 446 1394 manet3
467 1313 621 1399 positoque
635 1313 795 1399 tricuspide
809 1313 869 1378 telo
998 1313 1062 1376 330

86 1418 204 1484 Mulcet
218 1442 310 1505 aquas
324 1433 423 1483 rector
435 1419 554 1504 pelagi:
577 1439 724 1503 supraque
739 1416 918 1502 profundum

85 1523 274 1604 Exstantem
286 1532 374 1610 atque
389 1525 529 1588 humeros
542 1523 640 1586 innato
651 1523 765 1587 murice
779 1537 904 1599 tectum,

84 1629 256 1694 Caeruleum
269 1629 395 1694 Tritona
408 1642 517 1708 vocat3
537 1630 720 1714 ooncbaeque
735 1629 835 1694 sonaci

84 1733 231 1818 inspirare
241 1733 346 1819 jubet3
368 1733 535 1816 fluctusque
549 1746 580 1796 et
593 1732 714 1795 flumina
728 1734 811 1817 signo
876 1763 882 1770 ·

84 1837 154 1901 Jam
168 1859 310 1901 revocare
326 1837 406 1900 dato.
451 1835 679 1900 Cavebucoina
693 1837 815 1900 sumitur
829 1836 868 1900 ilii
1000 1841 1061 1902 335

84 1940 214 2019 Tortilis,
229 1941 364 2004 inlatum
380 1961 444 2025 quae
458 1941 574 2004 turbine
589 1941 696 2004 crescit
709 1942 745 2024 ob
760 1941 821 2005 imo
833 1964 842 2004 t
879 1947 890 1962 '

83 2043 231 2121 Ruscino,
247 2065 312 2128 quae
323 2044 424 2108 medio
438 2045 576 2130 concepit
589 2060 622 2108 ut
636 2047 707 2109 oiim
720 2062 820 2130 ponto,

82 2149 199 2216 Littom
212 2171 287 2214 voce
300 2150 405 2236 replet,
420 2151 474 2215 sub
488 2165 612 2235 utroque
622 2151 753 2237 jacentia
763 2151 891 2218 Phoebo.

82 2255 166 2322 Tum
181 2278 309 2342 quoque,
324 2272 356 2322 ut
370 2277 423 2320 ora
438 2255 623 2322 deimodidi
636 2258 764 2322 rorantia
777 2258 871 2323 barbi

80 2359 223 2446 Contigit,
238 2375 269 2424 et
279 2362 387 2426 cecinit
395 2361 495 2446 jussos
508 2362 608 2428 inflata
622 2378 770 2452 receptus,
995 2372 1060 2434 340

83 2467 232 2531 Omnibus
247 2467 348 2530 audita
358 2480 403 2530 est
416 2467 528 2530 telluris
542 2481 573 2530 et
587 2471 711 2552 equoris
725 2471 832 2534 undis:

85 2570 128 2638 Et
142 2571 249 2656 quibus
263 2584 310 2634 est
322 2570 409 2634 undis
424 2570 533 2647 audita,
548 2573 681 2636 coercuit
694 2595 810 2638 omnes,

127 2671 196 2737 Jam
211 2693 294 2736 mare
308 2672 387 2736 littus
400 2672 509 2736 habet:
529 2672 634 2758 plenos
647 2675 726 2759 capit
739 2676 840 2742 alveus
855 2700 977 2749 amnes:

85 2777 225 2844 Flumina
240 2778 413 2843 subsiduntz
434 2779 526 2854 colles
541 2780 624 2844 exire
638 2781 784 2847 videntur.

85 2885 187 2969 Surgit
199 2884 326 2966 humus:
347 2897 486 2967 crescunt
498 2884 565 2950 loca
579 2884 820 2955 decrescentibus
833 2893 930 2956 undis.
997 2868 1059 2959 8⁸45

84 2989 218 3076 Postque
233 2989 314 3051 diem
328 2989 447 3073 longam
460 2989 571 3053 nudata
584 2993 741 3056 cacumina
754 2995 833 3058 silvae
963 3066 973 3083 ,

85 3090 263 3170 Ostendunt,
277 3091 439 3178 limumque
454 3106 555 3159 tenent
568 3092 598 3157 in
612 3092 716 3171 fronde
731 3097 875 3162 relictum.
