2264 4042
83 256 144 314 170
237 320 243 330 ⁸
301 248 503 307 uunornun.
533 226 722 307 uusroun
739 244 816 306 xm.

75 404 155 469 Inter
169 406 247 469 mille
258 420 336 469 rates
349 420 399 470 tua
413 407 449 470 sit
462 406 615 470 millesima
629 408 744 491 puppis,

117 508 245 594 Jamque
259 509 392 594 fatigatas
406 511 506 575 ultima
520 527 618 575 verset
631 533 734 596 aquas.

75 611 144 677 Hoc
159 635 276 698 quoque
290 635 463 700 praemoneo
477 639 485 678 ε
500 616 538 679 de
553 638 628 680 nave
644 616 817 679 novisdmus
832 604 894 678 eui.¹
1001 616 1037 676 95

116 717 187 781 Non
202 732 256 795 est,
271 719 330 802 qud
345 741 497 804 properes,
512 735 590 784 terra
604 735 726 804 paterna
735 720 798 783 ribi.

73 820 278 899 convenies,
293 845 435 909 remoque
450 847 537 888 move
551 827 677 910 veloque
697 825 849 901 carinam3

114 925 208 1011 Inque
222 942 273 991 tuo
287 930 417 993 celerem
431 931 526 994 littore
541 932 609 994 siste
629 931 763 1014 gradum.
874 974 878 980 -

72 1029 135 1094 Sed
148 1045 198 1095 tua
213 1054 267 1096 cur
281 1034 365 1096 uobis
379 1035 493 1118 pallens
506 1035 634 1099 occurrit
647 1033 771 1118 imago?

114 1134 179 1201 Cur
193 1137 273 1200 venit
287 1159 305 1203 a
318 1139 414 1201 verbis
429 1139 520 1202 multa
534 1140 655 1222 querela
667 1137 748 1201 tuis?

70 1239 217 1306 Excutior
231 1264 335 1306 somno
347 1264 357 1322 3
372 1243 586 1327 simulacraque
600 1243 693 1305 noctis
707 1244 809 1318 adoro,

114 1347 206 1411 Nulla
219 1361 301 1411 caret
314 1346 397 1410 fumo
410 1347 563 1412 Thessalis
577 1369 628 1411 nra
641 1368 720 1410 meo.

69 1450 175 1516 Thura
189 1452 304 1529 damus,
318 1453 539 1537 lacrymamque
555 1452 664 1537 snpdr3
680 1449 739 1534 qud
753 1470 854 1536 sparsa
867 1452 989 1528 relucet,

113 1555 156 1621 Ut
170 1558 244 1621 solet
258 1556 361 1621 adsuso
376 1580 495 1642 surgere
506 1557 627 1621 flamma
648 1577 742 1620 mero.
963 1612 968 1621 .

70 1660 140 1725 Hoc
155 1683 283 1746 quoque,
299 1661 378 1747 qudd
393 1664 470 1726 venti
484 1664 639 1747 prohibent
653 1662 734 1724 exire
757 1661 881 1737 carinas,
981 1663 1034 1724 105

113 1765 167 1827 Me
182 1780 282 1829 movet
294 1766 411 1828 ninvitis
425 1767 467 1828 ire
481 1768 589 1851 paratis
608 1767 700 1848 aquis

69 1868 147 1943 Quis
160 1870 228 1931 velit
242 1871 271 1931 in
285 1871 410 1952 patriam
424 1884 512 1934 vento
527 1871 699 1954 prohibente
714 1871 847 1933 reverti?

113 1975 143 2036 A
156 1973 250 2058 patria
263 1974 368 2057 pelago
383 1975 448 2037 vela
461 1987 577 2037 vetante
600 1975 684 2038 datis.

68 2079 137 2165 lpse
152 2101 235 2143 sunm
249 2102 308 2142 non
322 2081 438 2164 praebet
451 2080 505 2143 iter
520 2079 676 2165 Neptunus
691 2081 729 2143 ad
744 2082 858 2144 urbem.

114 2186 186 2260 Quo
202 2185 305 2249 ruitis?
320 2184 443 2249 Vestras
458 2186 581 2269 quisque
595 2185 688 2248 redite
704 2186 818 2248 domos.
980 2191 1035 2249 110

70 2291 144 2366 Qun
158 2292 248 2369 ruitis,
263 2291 385 2355 Dena'r'?
399 2289 514 2355 Ventos
529 2290 627 2354 audite
642 2304 784 2354 vetantes·

116 2397 187 2459 Non
201 2397 286 2460 subiti
300 2396 396 2472 uusado
408 2397 532 2460 numinis
546 2397 601 2460 ista
614 2408 766 2459 moreest.

72 2501 155 2576 Quid
170 2502 276 2584 petitur
290 2513 378 2574 tanto,
393 2500 446 2562 nisi
459 2502 551 2583 turpis
570 2501 710 2576 adultera,
726 2497 827 2562 bello?

115 2604 199 2669 Dum
213 2605 290 2678 licet,
305 2602 434 2665 Inanhiae
450 2604 551 2664 vertite
564 2604 631 2664 vela
645 2618 732 2666 rates.

74 2709 137 2774 Sed
152 2709 220 2792 quid
236 2728 292 2789 ego
306 2727 414 2769 revoco
428 2707 491 2768 hnc
504 2705 517 2767 ?
530 2706 628 2769 Omen
642 2709 806 2772 revocantis
820 2709 931 2785 abesto,
979 2713 1034 2772 115

118 2812 292 2894 Blandaque
307 2810 482 2894 compositas
497 2832 567 2874 aura
581 2813 724 2875 secundet
745 2835 846 2897 aquus.

74 2918 187 2983 Ultima
202 2917 339 2980 mandato
354 2915 506 2979 claudetur
521 2917 641 3000 epistola
657 2939 768 3000 parvo3

121 3032 128 3061 ‘
142 3024 175 3089 si
189 3024 240 3088 tibi
255 3045 326 3088 cura
339 3023 409 3100 mei,
424 3022 459 3085 sit
472 3022 521 3085 tibi
535 3043 607 3086 eura
620 3022 681 3086 tui.'
736 3074 740 3081 .
