2264 4042
498 274 613 334 murt
629 278 667 335 11.

92 426 268 518 (Presserat
280 452 334 497 ora
345 432 465 522 vapor,)
490 441 600 499 ‘tostos
615 457 654 499 en
669 435 789 520 adspice
804 435 913 513 crines,

92 536 191 623 Inque
205 539 298 602 oculs
311 552 435 618 tantum,
449 554 563 605 tantum
577 562 667 625 super
676 562 728 605 ora
742 538 857 606 favilla.

94 641 203 707 Hosne
218 644 289 708 mihi
304 645 425 722 tuom,
440 646 519 709 huno
533 643 684 710 fertilitatis
697 647 839 711 honorem

94 747 256 834 Officiique
270 748 385 832 resers3
408 750 489 836 qudd
505 751 613 815 adunci
627 752 749 816 vulnera
762 752 859 831 aratri,
1010 752 1074 815 aet

93 848 332 939 Rastrorumque
347 852 421 931 sero,
436 868 557 939 totoque
573 875 720 918 exerceor
735 853 837 918 anno?

93 951 190 1028 Qudd
203 955 306 1039 pecori
321 954 451 1034 frondes,
463 957 660 1040 alimentaque
675 956 766 1034 mitia,
781 955 892 1042 surges,

94 1053 239 1120 Humano
254 1059 364 1141 generi,
375 1058 458 1123 vobis
473 1058 553 1144 qudd
567 1060 653 1124 thura
666 1058 822 1124 ministro?

97 1156 161 1224 Sed
175 1175 276 1226 tamen
291 1163 413 1227 exitium
428 1162 476 1228 lac
488 1187 538 1228 me
553 1165 719 1229 meruisse:
741 1164 812 1249 quid
827 1163 925 1242 unde,

95 1261 180 1338 Quid
194 1265 302 1328 meruit
315 1264 430 1330 frater?
453 1265 573 1331 Curilli
587 1267 692 1332 tradita
702 1281 780 1331 sorte
1008 1267 1073 1330 290

93 1363 230 1450 AEquora
244 1367 429 1446 decrescunt,
445 1369 526 1433 et'ab
542 1371 650 1434 ethere
665 1371 779 1455 longibs
794 1369 922 1435 absunt?

96 1467 189 1542 Quod
201 1470 225 1531 si
239 1492 296 1534 nec
312 1470 416 1549 fratris,
428 1493 486 1536 nec
500 1486 615 1535 tamea
629 1473 722 1554 gratia
735 1473 826 1554 tangit
834 1495 844 1551 3

96 1571 137 1632 At
150 1571 220 1634 coeli
235 1572 376 1635 miserere
390 1573 443 1637 tui.
489 1570 696 1657 Circumspice
711 1586 891 1656 utrumque3

96 1672 206 1740 Fumat
220 1693 345 1760 uterque
360 1679 466 1759 polus:
489 1677 600 1762 quossi
615 1678 757 1742 vitiaverit
770 1678 854 1761 ignis,

96 1781 179 1844 Atria
192 1797 290 1845 vestra
304 1797 398 1846 ruent.
443 1783 528 1847 Atlas
543 1805 581 1846 eu
595 1783 658 1867 ipse
673 1783 804 1847 laborat:
1008 1787 1072 1849 aot

95 1879 216 1968 Vixque
232 1885 291 1947 suis
305 1885 436 1949 humeris
450 1886 627 1950 candentem
642 1886 764 1951 sustinet
778 1907 878 1951 axem.

98 1989 130 2052 Si
145 1988 230 2067 freta,
246 1991 269 2054 si
284 2005 367 2056 terrae
382 2006 517 2076 pereunt,
533 1993 556 2055 si
570 1993 652 2074 regia
667 1992 754 2071 coeli3

94 2093 129 2158 ln
143 2096 235 2159 chaos
250 2098 401 2181 antiquum
415 2097 632 2162 confirndimur.
678 2096 772 2181 Eripe
787 2097 924 2175 flammis,

97 2201 130 2265 Si
145 2203 214 2286 quid
228 2204 325 2267 adhuc
340 2220 493 2289 superest:
516 2219 546 2268 et
559 2226 660 2267 rerum
675 2204 795 2266 consule
811 2203 955 2267 summae!

95 2305 223 2373 Dixerat
236 2311 300 2372 haeo
311 2308 438 2373 Tellus:
460 2330 559 2391 neque
574 2309 654 2369 enim
668 2307 793 2370 tolerare
808 2327 950 2392 vaporem
1008 2311 1071 2372 300

94 2408 225 2499 Ulterius
238 2412 343 2496 potuit,
358 2433 416 2474 nec
430 2411 531 2473 dicere
545 2411 650 2494 plura:
672 2430 818 2495 suumque

96 2513 210 2580 Retulit
222 2538 258 2579 os
272 2515 301 2579 in
316 2536 358 2592 se,
372 2515 568 2601 propioraque
583 2515 716 2580 manibus
732 2528 822 2579 antra

136 2619 181 2682 At
193 2633 279 2703 pater
292 2619 477 2704 omnipotens
492 2640 614 2704 superos
627 2631 759 2693 testatus,
774 2631 804 2682 et
817 2619 925 2703 ipsum,

96 2721 157 2800 Qui
172 2724 297 2789 dederat
311 2747 424 2803 currus,
438 2726 494 2789 nisi
507 2746 598 2809 opem
612 2722 696 2800 serat,
711 2724 810 2788 omnia
823 2723 884 2787 sato

94 2828 249 2893 luteritura
262 2830 365 2914 gravi3
387 2828 876 2913 summampetitarduusurcem
1006 2830 1068 2892 805

95 2933 185 3000 Unde
201 2936 276 3000 solet
288 2937 353 3000 latis
366 2936 461 3000 nubes
473 2936 616 2999 inducere
627 2934 732 2998 terris:

95 3039 186 3105 Unde
201 3055 301 3105 movet
314 3041 446 3117 tonitrus,
460 3040 631 3123 vibrataque
646 3037 768 3101 fulmina
776 3036 881 3122 jactat.

96 3147 160 3212 Sed
173 3169 283 3233 neque,
299 3168 372 3232 quas
385 3157 486 3231 posset
499 3143 582 3206 terris
594 3142 745 3218 inducere,
759 3141 854 3206 nubes

93 3247 184 3316 Tunc
197 3249 319 3313 habuit:
341 3269 409 3324 nec,
425 3267 498 3332 quos
512 3243 591 3308 coelo
605 3243 772 3320 dimitteret,
786 3243 906 3310 imbres.

95 3352 230 3418 intonat:
253 3365 283 3416 et
297 3349 404 3415 denuit
417 3349 552 3413 libratum
568 3346 680 3410 fulmen
695 3346 731 3410 ab
748 3368 818 3410 aure
1005 3353 1069 3414 310

95 3458 178 3524 lusit
191 3459 220 3523 in
235 3457 388 3542 aurigam:
409 3455 577 3541 pariterque
593 3451 748 3539 animique
763 3452 891 3538 rotisque
945 3506 948 3510 ,

95 3561 230 3647 Expulit,
242 3574 273 3625 et
286 3559 369 3624 sevis
383 3557 567 3643 compescuit
579 3556 694 3641 ignibus
708 3555 801 3640 ignes.

95 3665 329 3733 Consternantur
342 3664 411 3748 equi
425 3686 433 3726 ι
455 3678 486 3728 et
500 3663 573 3763 saltu
588 3662 619 3726 in
633 3661 777 3726 contraria
792 3657 870 3724 facto
