2264 4042
116 224 178 287 160
489 228 690 289 moruus.

110 375 195 443 Pone
210 380 292 458 deos,
308 396 338 446 et
352 404 415 467 que
430 388 577 470 tangendo
591 388 824 474 sacroprofanas
837 413 845 451 ε

154 483 224 547 Non
238 486 314 548 bene
330 491 466 553 coelestes
480 492 569 576 impia
585 494 690 557 dextra
703 496 782 558 colit.

111 587 143 651 Si
159 604 188 651 tu
204 591 296 655 cultor
311 614 376 656 eras
390 596 497 678 elapsis
511 598 577 680 igne
593 598 727 680 futurus3

152 693 281 759 Poenitet
295 699 408 783 elapsos
422 700 534 785 ignibus
549 725 614 766 esse
630 704 712 767 deos.

108 798 171 861 Sed
187 800 273 884 jubet
286 803 328 866 ire
344 806 428 869 deus.
472 807 591 871 Vellem
605 811 743 875 vetuisset
757 812 837 874 adire
851 835 860 890 3

149 903 265 969 Punica
279 930 335 972 noc
349 910 478 975 Teucris
492 935 594 996 pressa
608 913 709 979 fuisset
727 918 843 979 humus.

105 1009 175 1074 Huc
190 1013 267 1075 duce
284 1012 405 1099 (nempe
423 1016 505 1093 Deo)
520 1019 614 1083 ventis
630 1021 745 1104 agitaris
763 1021 879 1104 iniquis

148 1116 190 1180 Et
203 1119 271 1181 teris
286 1120 314 1180 in
329 1121 430 1204 rapido
445 1137 577 1205 tempora
591 1125 677 1206 ionga
692 1124 776 1187 sreto.

103 1220 251 1307 Pergama
264 1226 315 1287 vix
329 1239 408 1289 tanto
422 1227 472 1289 tibi
487 1243 570 1290 erant
583 1230 745 1312 repetenda
759 1229 873 1305 labore,

146 1328 280 1393 Hectore
296 1332 318 1393 si
333 1333 408 1410 vivo,
423 1349 531 1415 quanta
546 1332 638 1410 fubrc,
654 1333 757 1397 sorent.

100 1435 172 1499 Non
186 1436 311 1519 patrium
327 1437 478 1500 Simoenta
492 1440 587 1522 petis3
603 1441 656 1501 sed
671 1439 810 1501 Tibridas
828 1439 933 1503 undas.

147 1541 278 1628 Nempe,
295 1559 325 1606 ut
340 1545 493 1628 pervenias
508 1544 567 1629 qud
581 1545 675 1627 cupis,
691 1545 799 1626 hospes
820 1544 889 1606 eris.

103 1648 204 1733 thue
219 1650 298 1725 latet,
314 1651 441 1733 vitatque
455 1664 521 1713 tuas
536 1650 666 1712 abstrusa
680 1650 803 1725 carinus,

148 1753 209 1817 Vix
223 1754 272 1817 tibi
288 1756 435 1837 continget
449 1771 526 1817 terra
540 1756 629 1837 petita
644 1756 716 1816 seni.

105 1854 171 1921 Hos
185 1860 280 1942 potiris
295 1860 418 1943 populos
432 1859 461 1919 in
477 1860 586 1935 dotem,
602 1859 727 1941 ambage
742 1860 876 1936 remissit,

146 1963 260 2047 Accipe
273 1985 282 2041 3
298 1978 327 2026 ct
342 1963 481 2026 advectas
498 1962 697 2047 Pygmalionis
713 1987 797 2049 opes.

102 2070 174 2133 Ilion
189 2071 218 2132 iu
232 2069 356 2154 Tyriam
368 2069 492 2134 transfer
507 2070 619 2134 solicitis
635 2071 740 2132 urbem
756 2093 764 2130 :

146 2174 305 2262 flauoque,
320 2178 419 2240 locum
433 2177 524 2260 regni,
541 2191 714 2260 sceptraque
729 2196 813 2238 sacra
827 2189 906 2237 tene.

106 2283 139 2346 Si
153 2282 202 2346 tibi
218 2304 302 2345 mens
317 2283 403 2345 avida
418 2296 462 2346 est
475 2282 554 2358 belli,
570 2282 593 2344 si
610 2281 710 2364 quaerit
724 2280 804 2342 l‘ulns

148 2387 238 2451 Unde
254 2411 307 2451 suo
321 2403 421 2471 partus
436 2387 533 2450 Marte
547 2387 709 2470 triumphus
724 2399 793 2464 eat3

104 2493 205 2568 Quem
221 2507 347 2576 superet,
362 2515 400 2553 ne
416 2493 486 2575 quid
501 2491 585 2566 desit,
600 2491 795 2573 praebebimus
809 2490 935 2551 hostem.

149 2597 209 2659 Hic
224 2597 306 2679 pacis
319 2596 410 2678 leges,
425 2596 473 2656 hic
488 2596 570 2656 locus
584 2615 667 2655 arma
683 2596 770 2676 capit.

105 2701 155 2763 Tu
171 2700 269 2776 modb,
283 2720 337 2782 per
351 2712 486 2775 matrem,
502 2697 685 2780 sratemaque
700 2698 768 2772 tela,
780 2698 907 2780 sagittas,

148 2805 267 2889 Perque
283 2804 356 2887 sugae
372 2805 503 2881 comites,
518 2804 660 2867 Dardana
675 2825 769 2876 sacra,
786 2804 879 2866 deos:

108 2913 174 3000 (Sic
190 2926 338 2997 superent,
354 2931 545 2996 quoscunque
560 2910 611 2971 turi
625 2911 663 2971 de
679 2924 765 2991 gente
781 2906 923 2991 report‘aS,

149 3019 232 3085 Mars
247 3018 325 3082 serus
341 3031 371 3080 et
386 3017 500 3080 damnis
515 3016 550 3078 sit
563 3015 669 3078 modus
684 3015 731 3076 ille
754 3014 819 3088 tuis,

108 3126 311 3208 Ascaniusque
326 3146 395 3187 suos
409 3121 531 3185 feliciter
544 3122 664 3205 impleat
678 3142 778 3195 annos

152 3231 194 3295 Et
208 3231 284 3294 senis
298 3229 434 3292 Anchisae
450 3228 573 3290 molliter
586 3249 653 3288 ossa
668 3223 789 3306 cubent)

108 3336 205 3399 Parce
219 3357 325 3418 precor
336 3333 446 3408 domui,
462 3354 529 3415 quac
546 3353 577 3394 se
592 3331 642 3392 tibi
657 3329 743 3391 tradit
756 3328 933 3390 habendam.

152 3439 244 3513 Quod
259 3439 370 3500 crimen
385 3437 467 3512 dicis,
483 3450 586 3518 praeter
602 3431 725 3505 amisse,
741 3433 863 3495 meum?

109 3546 180 3611 Non
195 3564 250 3626 ego
265 3563 329 3604 sum
345 3540 476 3615 Phthias,
491 3539 661 3620 magnisque
675 3537 797 3599 oriunda'
812 3536 970 3620 Mycenis:

121 3626 124 3632 ⁵
153 3650 185 3715 N
186 3672 222 3714 ec
237 3658 376 3712 steterunt
390 3644 418 3705 in
433 3658 462 3704 te
476 3643 576 3726 virque
592 3654 732 3725 paterque
747 3664 841 3705 meus.
