2264 4042
60 170 105 231 20
356 159 737 252 rmruuonrrrosuou

61 320 163 387 Pleias
178 323 268 387 enixa
282 333 346 386 est:
367 322 487 408 letoque
502 322 563 400 det,
578 313 713 408 impeiat,
728 321 856 405 Argum.

62 427 161 494 Parva
175 441 325 506 moreest,
340 427 402 492 alas
415 428 551 513 pedibus,
565 429 738 512 virgamque
752 428 865 513 potenti
978 430 1044 490 550

62 531 262 597 Somniferam
273 534 433 618 sumpsisse
448 555 548 611 manu,
562 533 752 618 tegimenque
767 532 890 618 capillis.

60 636 137 703 Hac
148 640 198 702 ubi
213 638 364 724 disposuit,
378 639 474 724 patrib
486 637 563 703 Jove
572 652 658 704 natus
673 639 710 703 ab
726 660 796 703 arce

61 744 169 809 Desilit
179 745 209 808 in
224 759 326 809 terras.
371 744 435 810 Illic
450 728 640 831 tegimenque
653 745 789 824 removit,

62 849 105 914 Et
118 851 215 936 posuit
229 873 363 936 pennas:
384 852 589 918 tantummodo
603 851 685 937 virga
698 865 814 916 retenta
829 865 885 917 est.

63 955 133 1021 Hae
150 957 217 1041 agit,
232 972 265 1021 ut
279 972 389 1043 pastor,
404 980 459 1043 per
475 958 562 1023 devia
575 980 645 1022 rura
659 958 799 1043 capellas,
976 962 1042 1023 555

62 1060 147 1126 Dum
160 1063 250 1140 venit,
266 1063 431 1128 abductas:
454 1077 484 1128 et
498 1065 615 1129 structis
627 1077 728 1129 cantat
742 1064 852 1130 avenis.
904 1090 908 1097 ·

103 1166 191 1232 Voce
205 1167 284 1232 nord
296 1151 401 1255 captus
415 1183 515 1235 cusms
525 1168 679 1248 lunantur,
696 1170 759 1234 ‘At
771 1184 813 1248 tu,

61 1274 227 1360 ‘Quisquis
241 1297 284 1352 es,
299 1275 358 1339 hoc
372 1289 490 1360 poteras
504 1298 625 1340 mecum
636 1276 792 1340 considere
802 1296 889 1356 saxo,
901 1278 910 1309 '

61 1381 161 1466 Argus
175 1381 234 1443 ait:
258 1387 376 1467 ‘neque
391 1381 470 1445 enim
483 1382 585 1466 pecori
596 1379 761 1446 foecundior
775 1382 835 1447 ullo

61 1487 167 1552 Herba
180 1488 248 1552 loco
262 1502 328 1552 esta
351 1502 509 1573 aptamque
523 1487 607 1552 vides
620 1488 785 1574 pastoribus
798 1491 964 1555 umbram’

62 1593 147 1657 Sedit
160 1593 354 1672 Atlantiades,
369 1608 399 1658 et
414 1608 534 1659 euntem
547 1594 640 1660 multa
649 1594 802 1680 loquendo
976 1599 1036 1661 561

61 1697 196 1762 Detinuit
210 1721 347 1763 sermone
362 1699 442 1762 diem
456 1721 463 1760 τ
480 1699 650 1784 junctisque
664 1702 802 1787 canendo

61 1801 191 1866 Vincere
206 1803 395 1866 arundinibus
409 1803 554 1868 servantia
567 1803 677 1867 lumina
689 1817 802 1891 tentat:

61 1907 114 1972 Ille
129 1922 228 1972 tamen
243 1920 354 1992 pugnat
367 1907 472 1972 molles
486 1908 624 1973 evincere
639 1930 778 1974 somnos:

61 2012 113 2092 Et,
129 2013 261 2100 quamvis
275 2035 363 2099 sopor
374 2025 420 2077 est
432 2013 586 2078 oculorum
598 2028 682 2100 parte
696 2029 855 2102 receptus3
974 2021 1035 2083 565

61 2118 152 2184 Parte
166 2134 266 2182 tamen
280 2117 388 2203 vigilat
433 2116 550 2192 Quaerit
564 2139 693 2205 quoque,
709 2117 851 2207 (namque
865 2136 983 2208 reperta

60 2223 173 2297 Fistula
187 2246 281 2311 nuper
295 2212 372 2311 erat)
389 2222 448 2310 quir
461 2224 497 2289 sit
507 2225 618 2290 ratione
628 2240 755 2312 reperta.

58 2329 148 2395 Talia
162 2330 291 2395 dicturus
305 2330 377 2395 vidit
390 2329 544 2416 Cyllenius
557 2353 662 2397 omnes

48 2434 257 2500 'Succubuisse
271 2437 383 2512 oculos,
398 2435 598 2521 adopertaque
612 2438 723 2503 lumina
736 2461 852 2505 somno.

60 2541 223 2626 Supprimit
236 2541 387 2626 extemplo
401 2558 529 2603 vocem:
550 2541 706 2625 firmatque
721 2565 868 2627 soporem,
971 2553 1035 2610 570

57 2646 215 2732 Languida
228 2645 415 2731 permulcens
428 2643 577 2709 medicat
589 2644 701 2710 lumina
713 2645 804 2732 virgis.

58 2752 128 2819 Nee
141 2773 247 2815 mora:
269 2748 375 2814 falcato
389 2763 541 2813 nutantem
555 2751 687 2815 vulnerat
701 2774 782 2832 ense,

59 2856 132 2933 Qua
145 2857 222 2921 collo
236 2856 352 2919 confine
367 2867 478 2941 caput:
499 2877 632 2941 saxoque
647 2874 803 2925 cruentum

58 2963 190 3050 Dejicit3
212 2976 242 3026 et
251 2961 385 3053 maculat
398 2976 574 3048 praeruptam
589 2966 731 3048 sanguine
745 2982 873 3034 cautem.
1004 3015 1026 3040 .

56 3070 149 3154 Arge,
159 3068 263 3155 jaces:
286 3069 425 3155 quodque
438 3068 468 3133 iu
482 3082 524 3134 tot
537 3069 648 3135 lumina
656 3071 758 3138 lumen
772 3076 902 3141 habebas
969 3083 988 3140 5

58 3174 248 3240 Exstinctum
262 3188 324 3238 est:
346 3190 525 3261 centumque
537 3179 640 3242 oculos
652 3202 714 3244 nox
728 3197 855 3268 occupat
867 3206 937 3247 una.
969 3204 976 3218 ·

57 3281 180 3366 Excipit
192 3282 257 3359 hos,
272 3282 456 3368 volucrisque
471 3305 530 3348 suar
547 3283 684 3349 Saturnia
697 3287 801 3371 pennis

57 3388 216 3468 Cossocat3
237 3403 268 3453 et
281 3389 407 3474 gemmis
420 3391 549 3454 caudam
564 3392 743 3456 stellantibus
756 3393 867 3480 implet.

98 3492 237 3559 Protinus
247 3495 365 3573 exarsit,
379 3518 436 3559 uec
450 3510 585 3580 tempora
599 3497 707 3561 distulit
719 3498 779 3577 ire,
890 3478 896 3490 ⁴

55 3599 298 3686 Horriseramque
312 3601 405 3666 oculis
416 3601 573 3685 anirnoque
587 3600 697 3687 objecit
707 3602 842 3690 Erinnyn
966 3613 1029 3675 580
