2264 4042
113 254 159 316 to
410 227 786 303 umauoaruosnon

116 407 185 471 Nec
200 406 279 470 cedit
292 406 345 469 nisi
360 420 438 469 sorte
452 400 547 468 mihi?
571 404 635 467 Sed
649 417 729 467 tante
742 402 852 486 cupido

117 512 151 574 Si
164 512 214 575 tibi
230 510 343 575 discidii
355 534 365 590 ;
386 523 502 594 repetat
515 510 694 593 Proserpina
709 508 820 572 coelum
834 529 842 567 τ

115 614 201 698 Lege
215 630 316 679 tamen
330 615 431 694 certd3
453 614 582 678 sinullos
596 615 716 697 contigit
728 613 787 677 illic

116 719 179 783 Ore
194 721 296 783 cibos:
318 742 387 783 nam
403 720 444 784 sic
459 719 623 784 Parcarum
638 718 752 783 soedere
768 732 887 781 caunum
902 716 969 780 est.’

157 825 294 891 Dixerat.
338 826 495 889 moereri
510 840 625 890 certum
641 838 685 889 est
699 825 830 889 educere
844 836 955 886 natam.
1030 826 1093 885 370

115 931 187 996 Non
200 934 240 995 ita
255 932 314 997 fata
328 934 444 997 sinunt:
467 933 605 1015 quoniam
615 931 728 1016 jejunia
742 931 823 1012 virgo

116 1037 270 1102 Solverat:
294 1054 332 1115 et,
348 1039 433 1103 cultis
448 1039 519 1102 dum
534 1039 660 1122 simplex
676 1049 753 1101 errat
767 1037 797 1098 in
811 1035 911 1112 bortis,

115 1142 293 1208 Poeniceum
307 1144 398 1208 omnia
413 1144 603 1228 decerpserat
617 1144 721 1208 arbore
735 1163 875 1227 pomum:

116 1249 300 1334 Sumptaque
314 1251 432 1335 pallenti
446 1264 562 1334 septem
578 1249 616 1312 de
631 1249 742 1312 cortice
758 1270 850 1331 pana

114 1352 269 1418 Presserat
282 1376 334 1419 ore
349 1377 422 1419 suo:
444 1356 582 1439 solusque
597 1376 637 1419 ex
651 1354 786 1418 omnibus
799 1353 871 1416 illud
1027 1356 1093 1417 375

113 1457 239 1524 Viderat
251 1445 454 1546 Ascalaphus:
477 1483 568 1545 quem
582 1461 731 1545 quondam
745 1461 850 1524 dicittn
863 1458 1002 1543 Orphne,

111 1563 192 1630 luter
207 1567 372 1632 Avernales
386 1568 466 1632 haud
480 1568 660 1652 ignotissima
673 1567 830 1652 nymphas,

113 1669 166 1734 Ex
180 1673 352 1736 Acheronte
366 1696 420 1736 suo
435 1672 524 1736 furvis
538 1676 690 1757 peperisse
704 1674 760 1737 sub
774 1672 873 1737 antris.

114 1773 218 1838 Vidit:
240 1790 271 1838 et
284 1778 392 1839 indicio
406 1779 535 1839 reditum
548 1779 677 1840 crudelis
691 1779 813 1839 ademit.

113 1879 262 1963 Ingemuit
275 1881 376 1964 regina
391 1878 504 1960 Erebi3
526 1894 691 1964 testemque
705 1881 859 1966 profanam
1028 1888 1095 1951 380

114 1983 203 2048 Fecit
218 2005 324 2048 avem:
347 2006 540 2070 sparsumque
554 2000 644 2070 caput
658 1986 908 2072 Phlegethontide
922 1987 1050 2074 lympr

114 2088 151 2157 lu
163 2103 299 2168 rostrum,
315 2105 345 2154 et
358 2091 484 2176 plumas,
499 2105 530 2155 et
543 2092 670 2176 grandia
679 2093 790 2158 lumina
803 2095 898 2158 vertit.

111 2192 166 2260 Ille
180 2196 233 2260 sibi
248 2196 361 2261 ablatus
373 2195 458 2261 fulvis
473 2198 607 2262 amicitur
621 2199 659 2261 ab
671 2200 743 2279 alis3

113 2301 207 2387 Inque
221 2317 312 2389 caput
326 2305 451 2385 crescit3
472 2304 809 2389 longosque‘rellectitur
822 2326 958 2390 ungues3

110 2405 230 2492 Vixque
246 2424 346 2472 movet
358 2424 441 2473 naus
455 2433 509 2492 per
523 2412 626 2474 inertia
640 2412 761 2476 brachia
774 2433 908 2496 pennas3
943 2435 944 2438 ¹
1027 2414 1094 2475 385

112 2509 270 2595 Foedaque
284 2513 317 2574 fit
330 2513 465 2587 volucris,
480 2516 593 2576 venturi
608 2518 709 2578 nuntia
723 2516 828 2595 lucttiS,
1071 2528 1076 2535 '

106 2612 237 2697 Ignarus
251 2617 341 2692 bubo,
356 2616 452 2678 dirum
467 2616 635 2680 mortalibus
649 2638 750 2683 omen.

36 2728 39 2733 '
153 2722 196 2783 At
209 2721 324 2782 medius
339 2688 493 2803 srauisquli
506 2721 551 2783 sui
565 2736 737 2805 moestaeque
751 2728 857 2788 sororis

108 2825 224 2909 Jupiter
238 2847 278 2887 ex
293 2845 376 2908 aequo
391 2824 556 2889 volventem
571 2826 673 2891 dividit
686 2850 806 2895 annum.

109 2929 202 2996 Nunc
216 2930 283 3006 dea,
298 2951 455 3014 regnorum
468 2952 579 2994 numen
594 2944 753 2998 commune
769 2937 904 3013 duorum,
1024 2940 1092 3002 390

108 3035 297 3100 Cum-matre
314 3051 359 3100 est
371 3037 503 3115 totidem,
515 3039 638 3103 totidem
653 3063 723 3105 cum
738 3042 862 3127 conjuge
877 3064 1006 3106 menses.

108 3141 238 3206 Vertitur
253 3145 404 3227 extemplo
418 3143 519 3221 sacies,
534 3149 693 3223 ementis,
709 3162 739 3210 et
752 3148 810 3210 oris
824 3170 832 3208 ε

108 3245 140 3310 N
142 3269 200 3324 am,
216 3248 306 3310 modd
320 3270 384 3331 quae
399 3263 514 3332 poterat
528 3251 591 3313 Diti
605 3274 721 3336 quoque
736 3266 842 3315 moesta
853 3254 956 3332 videri,

108 3350 193 3414 Laeta
207 3353 271 3416 deae
286 3351 365 3416 frons
380 3369 426 3416 est
441 3379 449 3417 ε
471 3369 503 3417 ut
517 3357 570 3431 sol,
586 3358 635 3440 qui
650 3370 745 3419 tectus
760 3360 876 3441 aquosis

106 3456 242 3522 Nubibus
257 3458 324 3522 autb
339 3457 401 3536 luit,
416 3461 499 3525 victis
514 3461 563 3526 ubi
577 3462 703 3526 nubibus
718 3463 788 3527 exit.
1019 3458 1091 3531 395
