2264 4042
74 209 113 269 18
136 230 141 237 ·
378 196 759 259 Mnrnmoaruosnon

75 371 84 400 ‘
96 360 168 439 Fer,
183 376 278 447 pater,
290 359 299 392 ’
313 361 415 446 inquit,
432 367 542 445 ‘opem
554 382 565 440 3
587 360 611 424 si
624 358 747 423 Amnina
760 377 873 422 numen
886 355 1013 422 habetis.
1025 354 1043 387 ”

73 468 134 532 Vix
149 490 239 553 prece
254 466 344 545 finiti,
359 480 458 552 torpor
473 466 569 553 gravis
583 465 680 550 alligat
693 477 772 528 artus
785 486 793 525 t
988 463 1050 525 491

72 572 177 640 Mollia
191 574 346 658 cinguntur
360 572 441 636 tenui
455 571 618 658 praeoordia
631 572 723 635 libro:
739 608 759 635 ι.

71 679 108 744 In
122 678 258 747 trondem
272 678 380 756 crines,
394 678 424 740 in
438 699 537 742 ramos
550 676 673 741 brachia
686 690 833 740 creseunt.

72 784 144 862 Pes,
159 783 251 848 modb
265 797 326 848 tarn
340 783 439 861 velox,
453 783 543 870 pigris
556 781 703 848 radicibus
716 781 829 845 baeret:

72 889 137 953 Ora
147 911 293 953 cacumen
306 889 389 954 obit:
409 901 545 952 remanet
558 887 633 952 nitor
647 884 837 951 unusinillb.
986 885 1052 947 495

72 992 135 1060 Cui
149 994 235 1071 deus,
251 994 314 1058 ‘At
327 993 439 1080 conjux
453 992 594 1079 quoniam
607 1014 678 1057 mee
691 1014 750 1056 non
765 1004 850 1076 potes
865 1010 943 1066 esse,

72 1101 172 1164 Arbor
187 1099 244 1163 eris
259 1099 371 1177 oertb‚'
386 1098 469 1175 dixit,
485 1104 583 1162 ‘men
629 1096 759 1183 Semper
772 1096 924 1160 habebunt

73 1202 124 1270 Te
139 1227 238 1284 coma,
252 1218 283 1269 te
299 1204 428 1282 cithara,
442 1216 473 1267 te
487 1216 603 1281 nostre,
618 1203 712 1280 laute,
727 1202 884 1288 pharetrae.

73 1310 125 1375 Tu
141 1311 266 1377 ducibus
280 1311 374 1376 Latiis
390 1310 498 1389 aderis,
513 1311 585 1375 etim
599 1310 665 1375 lata
678 1310 859 1394 triumphum

71 1412 143 1479 Vox
158 1428 271 1495 canet;
293 1429 325 1479 et
337 1414 430 1498 longe
445 1413 540 1478 visent
553 1410 702 1499 Capitolia
716 1433 845 1498 pompa.
988 1415 1053 1474 500

72 1519 213 1586 Postibus
227 1521 369 1606 Augustis
384 1519 493 1585 eadem
507 1519 650 1584 fidissima
664 1533 765 1583 eustos
822 1522 824 1526 ’

72 1626 152 1690 Ante
168 1625 247 1690 fores
262 1627 372 1706 stabis3
387 1626 585 1711 ‚mediamque
599 1628 724 1691 tuebere
739 1645 894 1711 quereum.

73 1725 176 1813 thue
191 1750 295 1791 meum
308 1726 429 1791 intonsis
443 1741 534 1811 caput
548 1742 594 1791 est
602 1727 736 1814 juvenile
751 1727 884 1810 espiliis3

72 1831 124 1895 Tu
137 1853 254 1916 quoque
269 1843 431 1917 perpetuos
445 1851 564 1915 semper
579 1852 650 1915 gere
664 1829 776 1895 frondis
789 1829 951 1894 honores’

116 1937 250 2001 Finierat
263 1936 367 2001 Paean.
413 1933 516 2000 Factis
530 1936 622 2000 modb
636 1937 739 2000 laurea
752 1936 844 2000 ramis
989 1943 1051 2001 505

73 2043 206 2109 Annuit:
228 2039 320 2129 utque
334 2055 434 2129 caput,
449 2041 512 2109 visa
527 2056 572 2107 est
586 2041 712 2129 agitasse
727 2064 885 2107 cacumen.

440 2316 475 2361 ιο
497 2316 540 2360 un
555 2316 676 2374 ,anons

496 2526 528 2568 v.
552 2509 627 2570 625.

74 2652 205 2718 Centum
219 2647 376 2713 luminibus
389 2649 521 2713 cinctum
535 2661 626 2734 caput
638 2649 739 2733 Argus
753 2649 891 2713 babebat.

73 2758 148 2823 Inde
164 2757 223 2823 suis
237 2755 352 2820 vicibus
365 2755 524 2841 capiebant
535 2755 606 2820 bina
620 2757 773 2841 quietemt

72 2860 193 2926 Caetera
207 2857 372 2935 servabant,
389 2870 479 2942 atque
493 2858 523 2923 in
538 2858 664 2923 statione
678 2859 848 2924 manebant.

74 2961 256 3028 Constiterat
271 2979 449 3047 quocunque
463 2960 577 3042 mod03
599 2962 754 3048 spectabat
767 2962 807 3026 ad
822 2961 878 3026 16:
988 2970 1052 3030 510

73 3071 152 3135 Ante
167 3069 270 3134 oculos
285 3066 331 3146 Ιὸ,
346 3067 481 3153 quamvis
496 3088 627 3146 aversus,
641 3068 780 3132 habebat.

74 3173 162 3237 Luce
177 3171 243 3235 sinit
255 3170 360 3256 pasci:
381 3171 452 3234 eum
467 3171 511 3237 eol
525 3171 630 3236 tellure
644 3170 699 3236 sub
714 3169 774 3235 aut
787 3185 842 3250 est,

74 3277 205 3354 claudit,
222 3290 252 3339 et
265 3275 386 3360 indigno
400 3276 566 3343 circumdat
579 3277 696 3341 vincula
710 3277 797 3341 collo.
857 3359 858 3363 Ἰ

75 3383 103 3450 F
103 3383 243 3447 rondibus
272 3380 410 3458 arbuteis,
425 3395 456 3446 et
467 3376 569 3446 amari
582 3382 714 3467 pascitur
728 3382 842 3446 berbb:

72 3487 195 3572 Proque
210 3499 286 3563 toro,
300 3499 397 3561 terre,
411 3506 471 3549 non
486 3507 606 3571 semper
619 3507 743 3570 gramen
756 3487 886 3568 habenti,
986 3495 1048 3554 515

73 3593 199 3659 Incubet
208 3589 310 3656 infelix
323 3613 334 3672 3
355 3589 519 3677 limosaque
533 3591 655 3656 flumina
668 3606 759 3678 potat.
