2264 4042
117 256 178 317 172
318 267 321 272 ·
546 221 669 307 eamr.

156 406 296 491 Surgunt.
341 406 393 472 Ex
406 408 461 473 illie
475 408 568 472 altera
580 410 673 494 major
688 422 770 472 eret:

110 510 153 575 Et
166 513 302 596 gravibus
315 514 405 577 ramis
418 527 512 581 mmm
526 527 696 598 protexerat
709 515 824 589 orbem,

152 614 384 704 Contigeratque
397 619 476 683 ueri
489 620 587 684 sidme
600 640 717 683 summa
730 618 828 682 comi.

108 718 195 786 Eece
209 745 294 788 meus
308 722 418 789 ferrum
432 739 553 809 patruus
566 725 683 788 molitur
696 726 727 786 in
741 724 815 786 illas.

150 828 283 893 Terreor
297 831 458 908 admonitu,
473 851 584 915 corque
599 830 704 894 timore
715 829 814 892 micat.

107 931 215 997 Martia
229 933 322 1000 Picus
337 937 398 1000 avia
412 937 530 1021 gemine
544 957 598 1021 pro
612 936 708 1020 stipite
729 948 869 1018 pugnant,

149 1037 192 1103 Et
206 1038 295 1124 Lupa
307 1063 316 1102 τ
330 1055 392 1104 tuta
406 1064 460 1125 per
474 1042 529 1106 hos
543 1054 667 1124 utraque
682 1040 781 1124 palma
791 1037 867 1101 suit.'

106 1141 254 1207 Dixerat:
268 1159 299 1209 et
312 1145 431 1230 plenam
445 1167 504 1208 nou
519 1144 611 1208 firmia
624 1144 735 1207 viribus
748 1165 853 1207 urnam

152 1249 282 1315 Sustulit.
327 1250 477 1335 Implerat‚
491 1251 564 1314 dum
576 1272 629 1314 sua
643 1250 705 1313 visa
724 1247 823 1312 refert.

105 1354 224 1419 Interea
238 1369 392 1421 crescente
408 1356 519 1434 Remo,
533 1369 690 1421 crescente
705 1353 842 1432 Quirino,

149 1459 290 1526 Pondere
304 1463 420 1527 coelesti
435 1462 527 1526 Silvia
541 1476 637 1526 mater
654 1476 728 1526 erat.

106 1564 183 1631 Haec
197 1569 246 1632 ubi
261 1569 399 1653 cognovit
411 1582 598 1653 contemptor
612 1569 751 1657 Amulius
770 1569 856 1653 aequi,

150 1673 245 1758 (Nam
261 1692 359 1758 raptae
374 1672 454 1738 fratri
467 1675 560 1738 victor
574 1676 704 1740 habebat
716 1674 804 1760 opes)

105 1775 224 1840 Auserri
241 1778 328 1862 jussit
341 1800 457 1862 parvos,
472 1792 503 1842 et
516 1779 544 1841 in
560 1799 649 1842 amne
671 1781 783 1842 necari.

149 1879 232 1954 Quid
247 1880 344 1945 sacis?
360 1904 400 1945 ex
414 1883 475 1946 ietis
489 1883 638 1947 Romulus
653 1884 725 1947 alter
739 1885 804 1948 erit.

105 1984 194 2050 Jussa
207 2000 377 2051 recusantes
390 2002 535 2072 peragunt
548 1988 715 2072 lacrymosa
729 1990 850 2054 ministri
863 2015 870 2053 :

150 2090 239 2156 Fient
252 2106 362 2171 tamen,
378 2107 408 2158 et
419 2094 552 2177 geminos
566 2094 596 2159 iu
610 2096 676 2158 loca
692 2095 776 2179 jussa
790 2094 897 2162 lerunt.

105 2199 226 2278 Albula,
242 2221 331 2284 quem
345 2198 470 2264 Tiberin
485 2222 599 2264 mersus
613 2200 774 2265 Tiberinus
788 2202 817 2264 in
831 2202 913 2266 uadi

150 2306 314 2386 Reddidit3
339 2307 469 2372 hibernie
483 2306 557 2371 sorte
572 2309 707 2372 tumebat
721 2308 813 2391 aquis.

107 2409 178 2473 Huc
193 2412 243 2474 ubi
257 2426 410 2489 venerunt,
424 2434 482 2476 nec
499 2414 564 2498 jam
579 2414 743 2497 procedere
759 2428 881 2498 possunt

149 2516 303 2600 Longius3
330 2537 370 2578 ex
384 2517 439 2579 illis
454 2539 539 2592 unus,
555 2539 593 2580 an
608 2519 691 2595 alter,
708 2521 768 2584 ait:

107 2621 167 2683 ‘At
182 2621 271 2703 quim
286 2634 353 2683 sunt
367 2620 496 2684 similes!
513 2634 542 2684 at
553 2623 642 2704 quim
658 2622 803 2690 formosus
818 2630 964 2710 uterque!

150 2725 224 2788 Plus
239 2739 338 2787 tamen
353 2747 394 2788 ex
407 2725 462 2789 illis
476 2727 530 2789 iste
545 2727 652 2811 vigoris
667 2729 767 2792 habet.

107 2830 139 2894 Si
152 2852 244 2914 genus
259 2831 388 2914 arguitur
402 2831 481 2894 vultu
493 2854 503 2910 ;
520 2829 563 2916 (ni
577 2832 648 2896 sallit
668 2835 781 2921 imago)

149 2937 262 3001 Nescio
277 2958 366 3021 quem
379 2937 462 3000 vobis
476 2938 607 3023 suspicor
621 2963 687 3006 esse
702 2945 803 3007 deum.

106 3046 147 3109 At
162 3045 185 3108 si
201 3044 265 3129 quis
275 3058 381 3108 vestroe
397 3045 473 3110 deus
487 3060 566 3110 esset
579 3047 697 3131 origiuis
711 3063 832 3130 auctor3

150 3149 185 3212 ln
199 3165 260 3214 tam
274 3150 413 3235 precipiti
427 3163 562 3234 tempore
578 3151 667 3217 serret
680 3177 780 3239 opem.

107 3253 215 3318 Ferret
229 3276 318 3338 opem
333 3256 425 3332 certe,
441 3257 465 3318 si
479 3279 538 3319 non
549 3279 607 3340 ope
622 3274 717 3322 mater
732 3278 853 3344 egeret:

151 3358 228 3433 Quae
244 3358 322 3423 lacta
337 3374 381 3423 est
395 3382 454 3422 uno
469 3375 564 3425 mater
578 3375 609 3424 et
621 3364 694 3426 orba
708 3365 769 3427 die.

107 3465 187 3529 Nata
201 3463 296 3540 simul,
311 3465 438 3548 periture
453 3467 549 3543 simul,
564 3466 651 3530 simul
665 3467 703 3530 ite
719 3471 772 3532 sub
788 3473 882 3538 undas
1041 3482 1078 3539 55

151 3569 308 3655 Corpora!
352 3568 511 3650 Desierat3
525 3570 718 3656 deposuitque
733 3576 808 3640 sinu.

105 3674 269 3758 Vagierunt
282 3675 411 3738 clamore
426 3675 508 3758 pari:
524 3676 630 3739 sentire
645 3692 773 3761 putares.
