2264 4042
505 241 621 298 LIBER
637 238 675 297 11.

93 403 285 488 Saeculaque,
300 415 330 467 et
343 402 443 488 posite
459 401 557 486 spatiis
573 400 732 485 aequalibus
744 397 855 465 Horae:

91 510 215 595 Verque
229 531 339 573 novum
354 509 457 586 stabat,
472 509 602 573 cinctum
616 507 738 572 florente
753 505 883 572 notoni:

93 616 199 681 Stabat
212 616 294 680 nuda
306 614 417 692 AEstas,
433 628 463 679 et
477 615 577 699 spicea
588 628 665 678 serta
679 615 810 699 gerebat.

93 725 200 789 Stabat
213 738 244 788 et
258 725 435 800 Autumnus,
450 723 570 786 calcatis
584 722 720 786 sordidus
733 723 805 799 uvis,
868 753 874 764 ·
917 770 925 777 .

91 829 137 896 Et
150 830 280 915 glacialis
292 827 410 906 Hiems,
422 850 513 892 canos
527 829 638 893 hirsuta
653 828 784 912 capillos.

137 933 213 999 Inde
228 935 295 998 loco
309 935 436 1012 medius,
450 955 550 998 rerum
564 935 691 998 nouitate
705 945 863 1019 paventem

94 1039 149 1105 Sol
162 1041 256 1104 oculis
265 1039 419 1126 juvenem,
435 1040 540 1125 quibus
555 1041 680 1126 adspicit
692 1039 801 1119 omnia,
816 1040 897 1104 vidit.

94 1144 253 1231 ‘Quaeque
267 1146 320 1209 viae
335 1146 386 1209 tibi
401 1146 517 1211 causa?
540 1147 624 1222 Quid
638 1145 728 1224 hto,’
743 1147 792 1224 ait,
808 1152 899 1210 ‘arce
914 1143 1022 1232 petisti,
1059 1160 1063 1166 '

91 1254 267 1339 Progenies,
282 1252 449 1332 Phaethon,
464 1255 544 1319 baud
559 1255 717 1319 inficianda
730 1254 844 1341 parenti
856 1252 892 1318 ?'

92 1361 146 1425 Ille
161 1363 272 1428 refert:
295 1361 348 1424 ‘O
360 1363 412 1425 lux
426 1362 562 1426 immensi
575 1363 694 1448 publica
707 1362 819 1440 mundi,
1028 1363 1070 1424 35

93 1465 212 1531 Phoebe
226 1481 321 1552 pater,
337 1468 361 1532 si
377 1469 431 1532 das
445 1468 532 1555 hujus
546 1470 618 1532 mihi
631 1469 759 1532 nominis
772 1488 871 1544 usum

93 1571 225 1658 Pignora
239 1572 289 1650 da,
305 1573 419 1656 genitor
432 1596 442 1652 ς
463 1594 518 1657 per
533 1594 597 1657 quae
612 1588 664 1637 tua
673 1594 745 1636 vera
758 1593 891 1657 propago

94 1676 222 1755 Credar,
238 1691 268 1740 et
282 1677 362 1741 hunc
379 1677 482 1742 animis
496 1698 627 1742 errorem
642 1679 764 1742 detrahe
778 1677 905 1743 nostris!

92 1784 232 1850 Dixerat.
277 1785 319 1849 At
333 1785 447 1868 genitor
462 1785 575 1848 circum
590 1798 680 1872 caput
694 1807 783 1850 omne
798 1786 942 1851 micantes

92 1891 243 1976 Deposuit
255 1891 354 1955 radios
366 1915 376 1972 3
397 1891 576 1976 propiusque
592 1892 739 1956 accedere
749 1892 855 1979 jussit:
1028 1898 1071 1956 40

90 1999 309 2084 ‘Amplexuque
324 2000 403 2078 dato,
419 1999 510 2064 ‘Neo
525 2013 557 2063 tu
571 2021 658 2064 meus
673 2022 739 2065 esse
752 2002 854 2086 negari

93 2103 212 2188 Dignus
226 2126 282 2185 es;
303 2118 333 2168 et
348 2103 497 2190 Clymene
512 2105 629 2182 rems,’
645 2105 693 2183 ait,
710 2106 822 2170 ‘edidit
835 2123 926 2173 ortus.

94 2207 227 2294 Qudque
242 2210 339 2277 mimis
353 2210 488 2291 dubites;
511 2210 636 2295 quodvis
649 2224 718 2295 pete
732 2233 860 2275 munusr
882 2225 915 2274 ut
928 2209 1012 2290 illud,

93 2311 149 2377 Me
162 2315 317 2393 tribuente,
332 2314 421 2379 seras.
467 2315 625 2377 Promissis
639 2315 720 2378 testis
735 2315 838 2380 adesto

94 2419 154 2484 ms
162 2419 290 2506 juranda
303 2421 399 2506 palus,
414 2421 507 2484 oculis
521 2419 668 2505 incognita
681 2421 808 2487 nostris!
1028 2431 1070 2491 45

93 2525 155 2591 Vix
169 2528 247 2592 bene
262 2527 408 2591 desierat:
430 2549 534 2592 currus
548 2542 631 2612 rogat
644 2528 692 2592 ille
707 2543 854 2614 paternos,

94 2635 188 2721 lnque
204 2636 284 2699 diem
298 2636 448 2722 alipedum
457 2635 508 2721 jus
523 2648 553 2698 et
566 2635 760 2699 moderamen
775 2659 931 2722 equorum.

94 2741 237 2807 Poenituit
245 2741 361 2828 juritsse
376 2755 502 2826 patrem.
546 2740 609 2817 Qui
624 2755 729 2827 terque
745 2757 908 2830 quaterque

94 2849 279 2915 Concutiens
292 2851 402 2915 illustre
418 2866 516 2935 caput,
533 2849 750 2928 ‘Temeraria’
765 2851 848 2930 dixit,

93 2952 185 3019 ‘Vox
200 2978 271 3023 mea
284 2955 363 3021 laeta
377 2955 428 3020 tub
443 2971 497 3020 est.
542 2955 665 3020 Utinam
679 2957 824 3041 pmmissa
838 2958 942 3024 liceret
1029 2960 1071 3026 50

93 3060 165 3126 Non
181 3063 272 3126 dare!
295 3062 450 3129 Confiteor
464 3063 559 3127 solum
573 3063 631 3126 hoc
646 3063 707 3140 tibi,
722 3075 801 3140 nate,
815 3084 968 3149 negarem.

93 3165 278 3235 Dissuadere
292 3170 371 3234 licet.
417 3169 488 3232 Non
503 3182 548 3232 est
561 3183 611 3232 tua
624 3182 687 3232 tuta
701 3168 843 3233 voluntas.

93 3272 207 3358 Magna
221 3275 306 3360 petis,
322 3275 488 3354 Phaethon,
504 3289 535 3339 et
549 3297 614 3360 quae
628 3297 686 3339 nec
701 3275 808 3340 viribus
822 3276 883 3341 istis

93 3379 223 3446 Munera
237 3383 420 3460 conveniant,
434 3405 492 3446 nec
506 3397 568 3446 tam
582 3381 740 3467 puerilibus
755 3383 847 3450 annis.

94 3486 169 3552 Sors
182 3502 233 3551 tua
247 3490 397 3553 mortalis:
419 3513 477 3553 non
493 3503 537 3553 est
551 3489 674 3552 mortale
690 3489 770 3577 quod
784 3503 879 3574 optas.
1028 3499 1067 3556 55

93 3590 169 3657 Plus
184 3593 284 3672 etiam,
300 3595 389 3679 quam
404 3596 483 3681 quod
499 3596 611 3680 superis
625 3596 794 3680 contingere
809 3593 853 3659 fas
868 3597 914 3674 sit,

94 3697 227 3765 Nescius
240 3701 371 3766 affectas.
416 3701 541 3767 Placeat
556 3702 609 3766 sibi
624 3702 748 3788 quisque
762 3700 883 3781 licebit3

662 3930 701 4009 ὃ
769 3888 773 3893 ,
