2264 4042
131 254 175 313 74
388 209 766 299 mrfflosruosnou

127 402 192 479 Ille,
206 416 239 465 ut
253 416 316 466 erat
328 421 448 486 pronus,
463 421 518 484 per
532 399 610 462 eolla
623 398 752 462 admissa
761 396 911 482 jubasque
1063 397 1098 458 tt

127 505 279 585 Volvitur3
302 520 332 570 et
345 504 442 570 calido
455 505 591 569 tellurem
606 504 746 588 sanguine
761 501 864 567 loedat.

87 663 91 671 .
126 608 299 677 Phaedinrus
313 610 425 690 infelix,
441 624 472 675 et
487 610 554 675 aviti
566 610 693 675 nominis
708 610 803 673 hares

125 716 281 797 Tantalus,
296 732 328 782 ut
342 719 425 783 solito
439 717 531 782 finem
545 715 713 802 imposuere
728 714 831 791 labon',

125 821 318 889 Transierant
333 823 371 888 ad
385 846 460 909 opus
473 823 570 887 nitide
580 821 713 909 juveffle
727 821 889 906 palestre:

126 927 169 993 Et
177 928 243 1014 jam
257 930 440 994 contulerant
453 942 535 994 arcto
549 929 781 992 luctantia-nexu
1060 924 1095 988 91

125 1030 255 1099 Pectora
265 1033 433 1119 pectoribus
444 1057 455 1113 3
477 1034 547 1098 crim
560 1048 643 1098 tento
656 1034 773 1098 concite
787 1053 889 1109 eomn,

126 1137 213 1205 Sicut
227 1155 309 1205 erant
318 1139 422 1227 juncti,
437 1140 553 1226 trajecit
565 1153 723 1225 utrumque
737 1139 853 1223 sagitta.

54 1240 63 1249 ’
125 1244 302 1330 Ingemuere
318 1245 426 1326 simul;
448 1246 534 1310 simul
549 1246 700 1309 incurvata
714 1245 818 1309 dolore

124 1348 265 1417 Membra
279 1353 342 1416 solo
356 1352 483 1436 posuere
495 1375 506 1432 ς
527 1352 614 1416 simul
628 1373 768 1436 suprema
776 1350 914 1436 jacentes

124 1456 255 1523 Lumina
267 1458 439 1540 vershrunt3
461 1457 591 1522 animam
605 1457 692 1522 simul
706 1455 892 1522 exhalitrunt.
1041 1459 1094 1520 lot

123 1564 260 1651 Adspicit
273 1565 437 1650 Alphenor,
452 1565 618 1651 laniataque
632 1577 753 1650 pectora
763 1563 907 1648 plangens

122 1670 262 1747 Advolat,
277 1684 309 1733 ut
323 1671 436 1754 gelidas
450 1672 656 1754 complexibus
671 1671 777 1734 allevet
792 1683 893 1734 arms:

123 1773 217 1858 Inque
232 1775 281 1858 pio
295 1775 376 1837 eadit
389 1773 509 1837 officio:
530 1795 600 1838 nam
615 1773 722 1838 Delius
735 1775 775 1838 illi

121 1876 228 1942 Intima
242 1877 356 1942 fatifero
371 1879 480 1962 rumpit
493 1879 656 1963 praecordia
670 1878 759 1943 ferro.
1122 1958 1125 1963 Ι

122 1982 216 2060 Quod
231 1984 317 2050 simul
333 1984 483 2062 educarm,
498 2007 567 2070 pars
579 1998 627 2048 est
641 1985 787 2070 pulmonis
800 1986 830 2051 in
844 1988 940 2053 hamis
1038 1990 1089 2053 lot

122 2088 239 2156 Bruta:
261 2113 390 2177 cumque
406 2089 506 2154 animai
517 2113 606 2155 cruor
620 2105 666 2157 est
678 2093 791 2158 eflirsus
805 2095 835 2157 in
849 2117 946 2160 auras.

121 2198 163 2264 at
176 2221 236 2263 non
250 2198 398 2263 intonsmn
412 2198 539 2284 simplex
551 2198 806 2264 Damasichthona
819 2201 925 2265 vulnus

120 2304 232 2371 Afficit.
276 2303 357 2370 lcars
369 2319 441 2384 erat,
456 2305 516 2392 qui
530 2328 598 2370 orus
612 2327 680 2373 esse
695 2306 805 2392 incipit,
821 2321 851 2372 et
865 2306 925 2393 quh

119 2409 224 2475 Mollia
237 2431 381 2474 nervosus
392 2409 465 2474 facit
477 2413 641 2478 intemcdia
654 2413 769 2498 poples.
1124 2465 1126 2468 -

117 2513 259 2599 Dumque
275 2536 363 2577 manu
376 2527 468 2577 tentat
481 2517 597 2578 trahere
613 2518 761 2582 exitiabile
775 2521 877 2598 telum,
928 2518 932 2522 ’
1034 2524 1089 2587 llo

117 2619 222 2684 Altera
235 2641 291 2704 per
298 2618 435 2705 jugulum
448 2619 553 2703 pennis
567 2633 652 2684 tenus
681 2637 748 2686 acta
761 2613 867 2709 sagitta
881 2642 938 2694 est.

109 2723 243 2814 Expulit
257 2726 334 2789 hane
348 2725 489 2810 sangine:
511 2746 603 2810 seque
617 2725 779 2812 ejaculatus
793 2731 823 2794 in
838 2732 930 2798 altum

117 2830 248 2909 Emicat,
265 2844 296 2894 et
310 2830 397 2916 longe
411 2830 560 2896 terebrati
572 2833 685 2916 prosilit
698 2834 780 2899 aurit.

68 2989 72 2997 .
117 2933 246 3003 Ultimus
260 2936 389 3003 Ilioneus
402 2960 461 3002 non
475 2938 644 3024 proiectura
657 2943 810 3024 precando

95 3118 100 3130 ,
117 3043 249 3110 Brachia
263 3046 438 3111 sustulerat:
461 3044 584 3132 ‘Dique
598 3069 618 3111 o
631 3050 826 3115 communiter
840 3054 968 3132 onmes,’
1033 3056 1089 3118 llo

118 3150 255 3229 Dixerat,
272 3149 404 3237 (ignarus
415 3175 476 3216 non
490 3158 595 3218 marias
609 3175 676 3218 esse
691 3155 852 3242 rogandos)

120 3256 281 3322 ‘Parcite’
325 3257 426 3323 Motus
438 3271 512 3337 erat,
528 3259 598 3323 curn
607 3259 673 3345 jam
686 3262 854 3326 revocabile
868 3266 961 3331 telum

121 3359 192 3426 Non
206 3359 268 3439 suit,
283 3362 479 3428 Arcitenens:
500 3365 621 3427 minimo
635 3377 736 3428 tornea
749 3368 859 3432 cecidit
872 3370 921 3436 ille

121 3462 272 3547 Vulnere3
293 3489 352 3530 non
368 3467 425 3532 altri
438 3489 580 3553 percusso
594 3469 685 3533 corde
699 3472 814 3557 sagittis

155 3571 258 3639 Fame
272 3573 354 3654 mali,
366 3574 529 3662 populique
544 3575 638 3654 dolor,
652 3576 850 3668 lacrymaeque
864 3605 984 3652 suomm
1030 3589 1090 3652 120

95 3678 180 3748 Tam
194 3682 308 3754 subire
322 3698 594 3756 mancusorum
606 3683 712 3756 tectae
726 3689 835 3778 aune,
