2264 4042
71 260 113 321 3⁶
389 229 767 307 narmonruosnou

71 413 139 478 Hos
151 423 240 477 necat
254 410 367 474 afflatos
381 406 487 473 funesti
500 409 569 472 tabe
583 409 700 472 veneni.

115 516 244 581 Fecerat
258 515 382 600 exiguas
392 512 457 598 jam
471 515 514 577 sol
529 513 685 577 altissimus
698 511 837 576 umbras:

72 620 150 697 Qua
164 640 249 683 mora
263 619 299 683 sit
313 618 400 683 sociis
414 616 535 680 miratur
550 616 691 700 Agenore
706 628 812 694 natus3

68 721 262 808 vestigatque
276 723 374 786 viros„
409 720 558 805 Tegimen
573 720 697 804 derepta
710 717 789 781 leoni

71 826 163 892 Pellis
178 840 263 906 erat:
284 825 378 890 telum
391 823 557 910 splendenti
570 822 677 887 lancea
691 819 779 899 ferro,

71 928 114 993 Et
122 929 256 1015 jaculum
268 952 279 1009 3
301 929 419 1012 teloque
435 927 550 991 animus
563 923 743 1010 prestantior
756 923 848 987 omni.

69 1032 114 1099 Ut
128 1056 234 1099 nemus
248 1033 372 1110 meavit,
387 1034 535 1116 letataque
550 1053 676 1115 corpora
690 1029 772 1105 vidit,

69 1137 283 1223 Viemremque
294 1138 384 1223 snpra
397 1137 516 1222 spatiosi
526 1136 657 1221 corporis
671 1136 788 1200 hostem

70 1241 181 1307 Tristia
195 1240 356 1326 sangruneia
368 1241 549 1304 lambentem
563 1239 685 1302 vulnera
697 1236 819 1323 linguis:

71 1345 149 1409 ‘Aut
159 1346 234 1409 ultor
248 1357 362 1421 vestre,
377 1343 518 1406 fidissima
533 1363 669 1426 corpora,
683 1341 794 1418 mortis,
1006 1340 1046 1403 31

71 1447 135 1510 Aut
148 1468 261 1525 eomes,
274 1446 282 1477 '
297 1439 399 1531 inquit,
416 1445 509 1508 ‘ero’
554 1444 655 1508 Dixit:
678 1443 844 1527 dextraque
859 1442 1004 1507 molarem

70 1549 196 1617 Sustulit
204 1572 214 1630 3
236 1563 268 1613 et
281 1571 421 1634 maguum
436 1570 545 1633 magno
559 1547 714 1612 conamine
729 1544 816 1610 misit.

68 1654 151 1719 lllius
160 1655 288 1738 impulsu
303 1676 373 1718 eum
387 1655 515 1718 turribus
529 1655 623 1718 ardua
637 1654 724 1718 celsis

70 1754 185 1820 Moenia
199 1768 280 1818 mota
293 1754 408 1819 forent:
430 1776 552 1838 serpeus
567 1756 629 1818 sine
644 1757 765 1817 vulnere
779 1755 894 1843 mansit.

70 1857 248 1942 Imricaeque
262 1857 354 1921 modo
369 1858 499 1941 squamis
515 1856 665 1936 defensus,
681 1871 712 1922 et
726 1871 794 1922 atra

67 1962 186 2029 Duritiai
199 1963 292 2048 pellis,
307 1963 419 2027 validos
433 1977 501 2027 cute
516 1965 622 2050 repulit
634 1965 721 2030 ictus.

68 2071 111 2135 At
121 2093 179 2134 non
195 2068 301 2134 duritiis
309 2069 443 2156 jaculum
459 2092 577 2156 quoque
592 2073 681 2137 vineit
695 2071 823 2155 eidem3

68 2172 164 2250 Quod
178 2173 278 2239 medio
292 2173 377 2239 lente
389 2174 483 2237 fixum
498 2176 668 2241 curvamine
683 2179 772 2263 spine

69 2279 229 2362 Constitit3
251 2296 281 2346 et
294 2295 356 2347 toto
370 2282 526 2347 deseendit
539 2283 568 2347 in
583 2283 631 2347 ilia
645 2284 734 2349 ferro.

69 2383 133 2460 Ille,
150 2384 252 2446 dolore
268 2382 365 2461 ferox,
380 2400 470 2468 eaput
484 2387 514 2449 in
529 2409 583 2450 sua
597 2402 680 2473 terga
694 2389 829 2454 retorsit:

69 2482 262 2566 Vulneraque
278 2485 425 2567 adspexit,
441 2486 594 2569 fixumque
608 2490 711 2553 hastile
726 2492 893 2556 momordit.

70 2583 176 2668 quue,
191 2584 242 2647 ubi
256 2583 284 2644 vi
299 2581 391 2646 multa
405 2597 519 2668 partem
534 2585 672 2650 labeseoit
686 2590 715 2651 in
729 2613 859 2670 omnem,

69 2686 132 2750 Vix
143 2701 227 2771 tergo
243 2685 368 2770 eripuit:
390 2685 501 2749 ferrum
516 2701 616 2751 tamen
630 2691 744 2754 ossibus
758 2693 860 2757 heret.

71 2788 155 2854 Tum
165 2788 248 2867 verb,
263 2802 419 2873 postquam
435 2788 533 2854 solitas
548 2792 674 2856 accessit
689 2794 726 2857 ad
741 2795 799 2859 iras

70 2893 166 2977 Plaga
180 2915 296 2972 recens,
311 2894 404 2978 plenis
418 2909 589 2959 tumuerunt
603 2912 719 2981 guttura
733 2902 816 2966 venis
830 2925 837 2967 ε

73 2998 246 3084 Spumaque
261 2998 416 3084 pestiferos
431 2999 608 3065 circumfluit
622 3003 718 3068 albida
733 3006 822 3070 rictus
838 3029 846 3068 :

70 3103 228 3189 Terraque
242 3128 308 3169 rasa
319 3121 403 3171 sonat
417 3108 565 3192 squamis3
588 3110 695 3194 quique
711 3112 816 3176 halitus
830 3116 892 3180 exit

73 3210 137 3275 Ore
152 3212 235 3297 niger
250 3211 365 3295 Stygio,
380 3214 493 3277 vitiatas
507 3215 598 3281 inficit
613 3239 708 3279 auras.

72 3317 141 3402 lpse
156 3315 247 3380 modd
262 3317 440 3381 immensum
455 3319 538 3402 spiris
553 3318 727 3385 facientibus
740 3324 844 3389 orbem

74 3420 230 3504 Cingitur:
252 3421 400 3484 interdum
413 3421 502 3506 longi:
515 3425 599 3488 trabe
613 3425 720 3488 rectior
736 3429 807 3492 exit.

74 3526 190 3613 Impete
204 3548 283 3590 nune
298 3539 391 3604 vasto,
407 3549 464 3590 ceu
475 3530 607 3593 concitus
622 3529 762 3597 imbribus
777 3537 880 3616 nuruis,

74 3631 193 3712 Fertur,
208 3647 239 3699 et
252 3632 400 3701 obstantes
413 3636 565 3720 proturbat
577 3651 698 3723 pectore
713 3640 808 3715 silvas.
