2264 4042
375 226 560 289 munira
906 234 951 301 ⁹8

55 391 123 469 nun,
137 405 215 470 tuas,
231 390 310 477 (qua
323 391 403 455 veris
417 391 530 456 addere
544 387 620 455 salsa
928 393 948 452 δ

55 498 100 575 let,
115 512 146 560 et
161 519 178 561 e
193 496 315 560 minimi
326 519 380 561 sua
393 517 449 581 per
462 496 620 560 mendacia
631 494 753 582 erescit)

55 603 255 688 liuponiaden
270 603 349 667 ldles
364 604 471 668 ardore
485 603 589 668 teneri.

55 709 73 772 it
88 731 212 773 amans:
234 706 422 794 Venerisque
437 730 520 772 nova
534 708 690 793 perterrita
704 706 787 773 iamir

55 815 90 879 sit
102 815 199 899 primd
213 815 372 899 laerymis3
394 815 554 899 flendoque
569 815 703 879 dolorem

55 921 95 985 dit
107 921 277 985 miseranda
292 942 402 984 suumz
422 943 495 984 mox
510 921 630 998 deinde,
645 918 750 995 ‘Quid
765 935 868 987 eutem
904 924 946 987 lo

55 1049 89 1090 us
101 1027 114 1088 ?
128 1027 136 1057 '
160 1029 201 1090 ait
209 1049 219 1108 ;
242 1028 361 1111 ‘pellex
375 1028 512 1111 lacrymis
522 1027 665 1091 latebimr
678 1027 759 1107 istis3

58 1133 198 1216 quoniam
222 1133 370 1211 adventat,
384 1134 618 1220 properandum,
640 1134 811 1218 aliquidque
833 1154 944 1199 noran·

55 1238 120 1300 lum
135 1252 190 1302 est.

55 1365 148 1422 uerar,
165 1368 202 1408 an
216 1344 347 1410 sileam?
368 1359 503 1431 repetam
518 1344 687 1431 Calydona,
701 1344 866 1411 materne?

55 1450 123 1513 dam
135 1452 244 1516 tectis?
267 1475 316 1530 an,
332 1454 442 1533 silnilril
456 1453 594 1537 simplius,
608 1451 769 1516 obstem?'

55 1578 145 1621 :ursus
160 1558 274 1620 animus
288 1559 385 1623 varios
398 1559 500 1621 habet.
545 1551 693 1621 Omnibus
707 1556 747 1621 illi
895 1562 940 1623 le

55 1662 93 1724 ulit
108 1662 252 1725 imbutam
267 1662 387 1727 Nesseo
402 1662 545 1746 sanguine
559 1676 675 1725 vestem

55 1789 78 1830 'e
91 1791 101 1848 ;
125 1789 189 1852 quae
201 1768 278 1832 vires
292 1767 412 1833 defecto
425 1768 533 1833 reddat
546 1769 651 1833 amori.

55 1894 126 1958 >que
141 1873 255 1953 lichen,
267 1875 338 1960 quid
353 1876 450 1940 tradat
464 1876 576 1955 nescia,
590 1877 687 1943 luctus

55 2000 109 2042 uos
123 1981 211 2044 tradit
223 2003 232 2044 r
253 1982 428 2068 blandisque
442 1984 610 2047 miserrima
622 1985 723 2049 verbis

61 2085 113 2147 det
126 2086 176 2149 illa
189 2087 261 2164 viro,
277 2091 408 2153 mandat.
454 2089 546 2173 Capit
559 2090 669 2152 inscius
682 2090 783 2168 heros,
893 2092 937 2158 2⁰

54 2212 147 2275 urque
161 2193 294 2257 humeris
308 2193 443 2259 Lemaeae
456 2195 537 2257 virus
551 2193 710 2257 Echidnae.

55 2318 104 2360 ura
119 2297 209 2360 dabat
221 2299 332 2383 prunis,
348 2312 379 2361 et
392 2300 484 2362 verba
499 2297 660 2382 precantia,
674 2296 803 2365 flammis
811 2322 823 2380 ;

55 2425 91 2466 ue
106 2424 291 2468 marmoreas
304 2403 410 2488 psteri
423 2403 566 2469 fundebat
579 2403 610 2468 in
625 2425 712 2470 aras:

55 2507 80 2572 it
92 2509 137 2572 vis
151 2509 200 2572 illa
214 2509 305 2591 mali3
326 2511 514 2596 resolutaque
528 2511 657 2577 flammis

55 2615 123 2678 deos
137 2615 216 2693 abiit,
232 2615 290 2680 late
305 2618 421 2698 diffusa,
437 2641 491 2704 per
506 2634 597 2684 artus.
888 2628 933 2690 25

55 2722 156 2805 potuit,
171 2721 257 2787 solita
274 2726 418 2809 gemitum
432 2727 538 2793 virmte
551 2729 702 2813 repressit.

55 2828 140 2891 malis
154 2843 312 2914 postquam
323 2833 472 2916 patientia,
487 2835 595 2919 repulit
609 2858 675 2899 aras
683 2858 694 2916 3

55 2934 146 3018 ritque
162 2937 222 2999 suis
236 2958 427 3002 nemorosum
441 2942 564 3005 vocibus
577 2940 686 3005 OEten.

55 3060 137 3121 rora3
158 3040 304 3105 letiferam
319 3058 441 3108 oonatm
456 3047 592 3109 scindere
606 3060 721 3111 vestem
733 3070 743 3111 r

55 3145 169 3224 rabitur,
184 3147 272 3211 trahit
285 3148 334 3212 illa
349 3164 472 3228 cutem
492 3150 667 3241 l'oedumque
680 3155 785 3235 relatis,
886 3162 930 3225 80

55 3265 118 3314 eret
131 3255 272 3318 membris
286 3256 393 3321 frustm
406 3270 517 3322 tentata
531 3260 652 3345 revelli3
667 3336 671 3341 ,

54 3378 140 3421 ceros
155 3373 244 3438 artus,
260 3375 290 3425 et
304 3362 427 3447 grandia
441 3364 552 3450 detegit
564 3387 644 3432 ossa.

55 3485 130 3541 mor,
145 3465 245 3550 gelido
254 3489 312 3533 ceu
326 3470 478 3555 quondam
491 3470 600 3539 lamina
612 3476 745 3542 caudens

55 3569 151 3648 lacu,
166 3573 261 3639 stridit
268 3597 280 3655 3
301 3577 496 3666 coquiturque
512 3580 639 3649 ardente
649 3604 795 3683 ueneno-'¹

55 3675 130 3739 edus
145 3692 213 3745 est:
233 3683 358 3753 sorbent
374 3689 473 3759 avidae
489 3693 669 3783 praecordio
679 3692 845 3759 damme·-
913 3686 965 3746 Ἃ
