2264 4042
119 229 170 288 ’76
419 222 796 280 METAMORPHOSEON

127 379 270 466 Dumque
285 395 387 465 rogat3
408 403 462 466 pro
477 381 537 466 qud
546 396 639 466 rogat,
653 383 772 464 occidit.
818 380 900 444 Orba
915 379 1027 445 resedit

126 486 292 550 Exanimes
306 488 380 551 inter
394 502 487 566 natos,
502 501 654 571 natasque,
669 489 823 572 virumque
841 509 849 549 t
1040 489 1093 550 155

124 590 310 676 Diriguitque
325 593 420 657 malis.
466 593 572 656 Nullos
587 607 687 656 movet
701 616 771 657 aura
786 593 918 677 capillos.

123 696 159 761 ln
173 699 253 761 vultu
268 699 350 762 color
365 700 486 763 estsine
502 701 662 782 sanguine:
684 700 795 763 lumina
808 700 922 763 moestis

123 803 209 866 Stant
223 804 344 867 immota
359 806 441 888 genis
455 827 463 866 t
485 806 555 867 nihil
571 807 658 869 estin
674 806 801 890 imagine
816 806 883 868 vivi.

120 909 191 992 Ipsa
202 932 319 994 quoque
334 912 454 974 interids
468 933 539 974 cum
554 913 627 974 duro
641 912 740 995 lingua
753 913 851 996 palato

121 1013 278 1099 Congelat,
294 1031 324 1079 et
338 1039 420 1080 venae
437 1017 578 1080 desistunt
591 1039 678 1100 posse
696 1018 818 1081 moveri.
1039 1021 1092 1081 160

120 1119 190 1185 Nec
205 1120 284 1185 flecti
299 1123 411 1199 cervix,
426 1143 483 1185 nec
498 1123 618 1185 brachia
632 1123 761 1186 reddere
776 1139 886 1208 gestus,

121 1225 189 1289 Nec
205 1248 259 1310 pes
273 1228 315 1290 ire
330 1241 446 1311 potest:
468 1228 543 1290 intra
559 1228 804 1310 quoque'viscera
820 1251 926 1292 saxum
941 1242 997 1293 est.

120 1330 191 1395 Flet
201 1347 310 1409 tamen,
326 1347 356 1395 et
370 1333 457 1395 validi
472 1319 656 1396 circumdata
670 1335 784 1397 turbine
794 1335 872 1398 venti

118 1435 153 1499 ln
167 1439 291 1522 patriam
302 1452 385 1522 rapta
400 1453 465 1502 est:
487 1440 537 1501 ubi
551 1440 612 1502 fixa
626 1441 782 1503 cacumine
798 1442 904 1504 montis

120 1537 266 1627 Liquitur,
281 1556 312 1607 et
325 1543 472 1628 lacrymas
486 1542 647 1607 etiamnum
662 1558 956 1620 marmoramanant.
1036 1547 1089 1608 165

204 1898 341 1956 ΤΕΒΈΠΒ,
358 1899 497 1957 moena,
513 1901 711 1959 rumonim,
727 1901 762 1943 IN
777 1902 857 1945 AVES
873 1903 1010 1947 MUTATI-

540 2177 570 2217 v.
595 2159 694 2219 620:

121 2310 126 2320 '
159 2303 209 2367 Ad
224 2319 349 2369 matrem
359 2305 501 2395 'veniebat
514 2304 586 2390 ltys.
632 2303 716 2379 Quid
731 2305 831 2389 possit,
848 2304 884 2367 ab
900 2303 949 2368 illo

113 2409 276 2472 Admonita
290 2424 355 2472 est:
377 2411 530 2493 oculisque
545 2426 631 2474 tuens
646 2412 814 2488 immitibus
827 2410 895 2472 ‘Ah
911 2407 1002 2494 qudm

113 2513 159 2577 Es
174 2514 273 2577 similis
288 2514 402 2597 patri!’
425 2515 509 2577 dixit.
554 2515 624 2577 Nec
639 2517 723 2598 plura
738 2517 846 2593 locuta,
1019 2502 1022 2506 λ

112 2619 212 2682 Triste
227 2634 310 2702 parat
325 2619 457 2700 lacinus;
479 2619 626 2702 tacitique
643 2634 785 2683 exaestuat
799 2622 853 2682 ird.

83 2772 87 2778 .
155 2722 199 2787 Ut
212 2739 312 2787 tamen
327 2725 452 2788 accessit
465 2738 560 2802 natus,
576 2726 720 2809 matrique
736 2726 861 2789 salutem
1027 2734 1088 2791 170

113 2830 226 2906 Attulit,
242 2844 272 2892 et
286 2830 382 2914 parvis
398 2830 521 2893 adduxit
536 2830 611 2894 colla
626 2831 752 2908 lacertis,

112 2932 268 3019 Mixtaque
283 2934 428 3000 blanditiis
442 2935 602 3019 puerilibus
616 2937 718 3000 oscula
727 2936 843 3021 junxit3

110 3039 195 3105 Mota
207 3042 328 3127 quidem
343 3057 387 3107 est
402 3042 526 3127 genitrix
539 3065 548 3123 ;
570 3042 752 3128 infractaque
767 3044 894 3107 constitit
908 3045 974 3108 ira:

110 3146 254 3231 Invitique
270 3150 347 3212 oculi
361 3149 500 3232 lacrymis
514 3150 657 3213 madudre
673 3150 794 3212 coactis.

112 3251 176 3315 Sed
191 3253 277 3316 simul
291 3275 332 3316 ex
346 3253 436 3316 nimii
450 3249 573 3318 matrem
589 3256 698 3338 pietate
712 3255 812 3316 labare
1026 3261 1086 3320 175

111 3356 220 3435 Sensit,
233 3361 269 3422 ab
284 3360 342 3422 hoc
353 3359 459 3422 iterum
474 3373 519 3423 est
534 3360 572 3422 ad
583 3361 679 3422 vultus
693 3379 779 3420 versa
793 3361 919 3441 sororis3

108 3461 201 3547 Inque
217 3464 313 3526 vicem
330 3479 466 3549 spectans
482 3466 594 3542 ambos,
611 3462 697 3526 ‘Cur
712 3464 872 3542 admovet,’
887 3466 989 3552 inquit,

107 3571 211 3634 ‘Alter
224 3569 397 3651 blanditias3
419 3570 505 3655 raptd
518 3571 583 3634 silet
598 3570 690 3634 altera
703 3571 827 3656 lingui?

83 3671 192 3748 Quam
209 3692 300 3747 Vocat
311 3678 366 3748 lric
379 3691 525 3760 matrem,
538 3699 595 3745 cur
609 3700 672 3746 non
683 3692 775 3745 sucat
783 3678 840 3743 illa
849 3679 1006 3741 sereretur
