2264 4042
93 274 154 335 116
405 268 782 328 METAMORPHOSEON

89 424 260 510 Litteraque
275 426 388 488 intravit
398 424 542 509 Pagasaei
557 426 673 490 Colcha
688 429 798 490 carini.

87 528 202 593 AEacus
216 530 285 593 huic
300 544 381 612 pater
395 544 459 593 est:
482 532 606 615 quijura
621 532 768 594 silentibus
782 530 840 593 illic
1018 536 1061 595 25

86 632 210 710 Reddit,
225 635 275 696 ubi
290 634 428 697 AEoliden
443 656 548 697 saxum
563 657 652 718 grave
664 636 811 718 Sisyphon
826 651 920 720 urget.

85 736 204 801 AEacon
219 740 348 823 agnoscit
362 761 504 816 summus,
519 741 693 823 prolemque
708 740 814 803 fatetur

84 842 199 927 Jupiter
214 865 280 907 esse
295 864 390 906 suam.
436 844 486 906 Sic
502 846 538 907 ab
553 844 628 907 Jove
643 846 742 908 tertius
757 845 846 929 rljax.

85 944 155 1009 Neo
166 958 265 1007 tamen
280 946 342 1007 haec
359 946 449 1009 series
464 947 493 1008 in
508 946 600 1009 causi
614 947 716 1029 prosit,
738 947 863 1024 Achivi3

87 1048 203 1113 Simihi
217 1070 286 1112 cum
301 1071 408 1132 magno
422 1072 479 1112 non
496 1064 541 1112 est
555 1052 719 1112 communis
734 1051 862 1112 Achille.
1019 1056 1057 1113 30
1105 1098 1112 1113 ,

87 1152 116 1217 F
116 1169 201 1223 rater,
208 1169 270 1217 erat
286 1178 295 1233 ;
317 1153 442 1216 fraterna
457 1168 536 1236 peto.
583 1154 665 1226 Quid
681 1154 820 1235 sanguine
835 1168 934 1218 cretus

88 1257 237 1341 Sisyphio,
253 1257 402 1341 furtisque,
418 1272 448 1320 et
462 1257 564 1321 sraude
581 1259 741 1321 simillimus
756 1258 804 1334 illi,

86 1359 192 1427 luserit
205 1362 338 1425 AEacidis
353 1363 453 1425 alienae
468 1364 586 1425 nomina
601 1361 720 1444 gentis?

130 1468 179 1530 An
195 1467 273 1550 qudd
287 1468 317 1529 in
332 1488 414 1529 arma
428 1468 517 1550 prior,
528 1468 664 1549 nulloque
680 1468 733 1529 sub
748 1467 845 1529 iudice
860 1469 938 1542 veni,

85 1571 180 1635 Arma
194 1572 329 1654 neganda
344 1570 437 1633 mihi?
461 1572 612 1654 potiorque
634 1572 779 1633 videbitur
794 1571 851 1645 ille,
878 1600 883 1611 ·
1017 1574 1054 1633 35

85 1674 198 1738 Ultima
213 1676 261 1758 qui
276 1676 364 1757 cepit,
384 1676 613 1757 detrectavitque
629 1675 725 1737 surore

85 1778 220 1841 Militiam
235 1779 325 1839 ficto:
348 1778 444 1838 donec
459 1778 589 1839 solertior
603 1779 667 1855 isto,

88 1881 151 1944 Sed
166 1882 220 1944 sibi
234 1880 367 1954 inutilior,
383 1881 474 1940 timidi
494 1896 661 1943 commenta
676 1882 783 1944 retexit
879 1939 882 1947 .

86 1984 269 2069 Naupliades
285 1984 383 2059 artiori,
398 1985 544 2067 vitataque
559 1986 647 2047 traxit
661 1987 690 2047 in
706 1987 812 2050 arma?

86 2089 208 2173 Optima
222 2110 299 2151 nunc
311 2102 416 2164 sumat,
433 2089 480 2172 qui
499 2112 615 2152 sumere
630 2092 720 2153 noluit
735 2092 791 2154 ulla
806 2115 815 2152 ι
1017 2084 1057 2156 to

86 2194 152 2259 Nos
166 2195 338 2270 inhonorati,
354 2207 384 2256 et
398 2194 481 2256 donis
496 2197 673 2278 patruelibus
688 2197 759 2272 orbi,

86 2300 255 2364 Obtulimus
271 2301 319 2383 qui
334 2322 387 2362 nos
402 2300 440 2362 ad
455 2300 549 2383 prima
565 2301 704 2384 pericula,
721 2301 821 2363 simus.

85 2406 184 2489 Atque
198 2407 309 2466 utinam
324 2420 374 2466 aut
387 2426 473 2466 verus
489 2404 567 2467 luror
584 2407 643 2481 ille,
658 2419 708 2468 aut
721 2406 858 2480 creditus,
870 2418 947 2468 esset
962 2429 972 2486 3

85 2510 154 2573 Nec
169 2530 270 2571 comes
284 2509 332 2569 hic
347 2507 492 2588 Phrygias
508 2530 635 2589 unquam
647 2511 773 2572 venisset
787 2510 825 2572 ad
841 2531 924 2573 arces

81 2598 222 2678 Hortatur
236 2611 399 2673 scelerum!
423 2609 492 2671 Non
510 2624 549 2685 te,
565 2611 699 2674 Poeantia
715 2616 820 2694 proleS,
1015 2622 1055 2679 tt

84 2717 262 2801 Expositum
278 2712 410 2776 Lemnos
425 2727 523 2776 nostro
537 2737 606 2777 cum
622 2716 743 2779 crimine
759 2719 891 2782 haberet.

84 2824 147 2899 Qui
161 2841 239 2883 nunc
255 2817 300 2903 (ut
313 2817 491 2903 rnetnoraut)
508 2819 683 2884 silvestribus
698 2822 811 2885 abditus
827 2825 914 2888 antris

83 2929 166 2992 Saxa
180 2947 282 2988 moves
297 2924 416 3007 gemitu,
431 2923 655 3009 lacertiadaeque
671 2929 808 3010 precaris,

82 3033 160 3108 Quae
175 3032 300 3095 meruit:
322 3053 385 3115 quae
404 3029 442 3115 (si
457 3030 486 3093 di
502 3030 580 3115 sum)
596 3054 654 3095 non
668 3054 743 3096 vana
766 3034 903 3118 preceris.

83 3139 126 3204 Et
140 3160 217 3201 nunc
232 3138 278 3198 ille
295 3138 402 3199 eadem
417 3137 499 3199 nobis
509 3137 624 3221 juratus
638 3139 667 3199 in
682 3161 774 3213 arma,
1014 3144 1056 3203 50

85 3242 171 3330 (Heu
184 3242 207 3327 l)
231 3264 298 3324 pars
312 3262 371 3302 una
387 3242 506 3317 ducum,
522 3263 580 3324 quo
595 3263 766 3304 successore
778 3242 890 3331 ‘sagittae

82 3347 221 3411 Herculis
235 3359 363 3419 utuntur,
377 3343 486 3407 fractus
501 3347 660 3427 morboque
682 3343 829 3427 fameque,

81 3453 262 3534 Velaturque
278 3450 418 3531 aliturque
437 3451 558 3528 avibus3
581 3450 771 3532 volucresque
784 3453 910 3534 petendo

81 3559 190 3623 Debita
203 3554 340 3638 Trojanis
353 3568 476 3615 exercet
490 3555 600 3636 spicula
615 3552 689 3616 satis.

80 3662 133 3726 llle
147 3678 245 3726 tamen
259 3658 337 3734 vivit,
353 3657 420 3744 quia
436 3679 494 3720 non
511 3657 658 3721 comitavit
671 3657 821 3743 Ulyssem.
1011 3671 1051 3728 55
