2264 4042
118 250 162 313 st
417 221 798 302 nmnuoaruosnou

117 405 304 470 Semanimes
317 422 416 468 errare
431 405 494 481 viis,
509 404 581 466 dum
596 417 673 467 stare
687 402 834 478 valebant,

116 512 282 595 Adpioeres
290 532 301 590 ;
321 509 426 573 flentes
439 510 521 586 alios,
531 523 675 594 terreque
685 509 841 594 jacentes3
1032 507 1093 566 170

118 613 272 700 Lassaque
287 630 437 679 versantes
452 637 590 699 supremo
603 615 714 678 lumina
728 627 820 676 motu.

159 719 243 794 Quid
258 721 328 784 mibi
342 735 412 784 tunc
427 722 515 784 animi
529 720 607 784 fuit?
623 742 671 797 an,
687 721 767 804 quod
782 717 884 781 debuit
896 738 974 796 esse,

115 825 158 891 Ut
172 827 261 889 vitam
276 810 416 904 odissem,
432 841 462 890 et
476 848 618 911 cuperem
633 848 701 911 pars
715 847 781 889 esse
799 821 960 886 meorum?

114 931 188 1006 Qud
202 954 235 996 se
250 954 367 1017 cunque
383 934 463 996 acies
473 934 626 996 oculorum
641 931 789 1009 flexerat3
810 929 869 993 illio

114 1034 230 1120 Vulgus
245 1052 307 1100 erat
321 1052 460 1100 stratum:
482 1038 571 1100 veluti
585 1037 656 1100 edm
670 1037 764 1121 putria
778 1035 866 1098 motis
1029 1041 1089 1100 175

114 1141 212 1207 Poma
227 1144 337 1206 cadunt
350 1143 449 1219 ramis,
465 1141 630 1226 agitatisque
644 1142 711 1204 ilice
726 1141 859 1224 glandes.

113 1246 246 1334 Templa
259 1250 342 1312 vides
357 1249 468 1325 oontrd,
483 1248 621 1332 gradibus
635 1249 769 1311 sublimia
783 1249 897 1332 longis:

113 1352 229 1438 Jupiter
244 1355 292 1417 illa
306 1368 396 1417 tenet.
442 1353 519 1428 Quis
534 1376 593 1418 non
607 1354 744 1417 alteribus
758 1354 813 1418 illis

114 1458 199 1523 Irrita
212 1461 297 1524 thura
311 1458 399 1523 tulit?
422 1460 537 1544 quoties
553 1481 608 1544 pro
622 1459 748 1544 conjuge
763 1459 884 1545 conjux,

108 1563 178 1629 ,Pro
192 1581 280 1650 gnato
291 1566 413 1649 genitor,
428 1565 501 1630 dum
516 1567 607 1630 verba
620 1566 772 1650 precantia
785 1567 865 1644 dicit,
1028 1571 1088 1630 180

112 1669 185 1734 Non
200 1672 327 1733 exoratis
342 1672 470 1733 animam
485 1673 575 1734 finivit
589 1674 618 1734 in
633 1673 708 1735 aris:

112 1771 207 1857 Inque
221 1797 311 1836 manu
326 1775 417 1836 thuris
431 1796 499 1858 pars
510 1776 713 1859 inconsumpta
728 1792 846 1860 reperta
861 1781 925 1844 est!

112 1878 236 1941 Admoti
251 1879 365 1962 quoties
379 1878 506 1960 templis,
521 1880 593 1942 dum
607 1895 678 1943 vota
692 1883 832 1946 sacerdos

62 2016 71 2027 ¹
111 1981 262 2066 Concipit,
277 1996 308 2046 et
321 1981 416 2045 fundit
428 2004 536 2067 purum
550 1984 625 2047 inter
639 2007 750 2049 cornua
764 1987 874 2065 vinum,

111 2086 205 2152 Haud
221 2102 397 2173 exspectato
409 2087 582 2153 ceciderunt
595 2091 716 2155 vulnere
731 2094 805 2156 tauri
819 2095 826 2156 !
1024 2099 1082 2160 185

110 2192 181 2279 Ipse
196 2216 253 2279 ego
267 2216 353 2258 sacra
366 2193 432 2258 Jovi
447 2217 502 2280 pro
515 2218 576 2273 me,
591 2197 754 2283 patriique,
770 2198 920 2286 tribusque

111 2298 193 2364 Cirm
208 2291 339 2367 iacerem
353 2301 437 2379 natis,
453 2302 581 2386 mugitus
594 2303 712 2367 victima
727 2305 805 2370 diros

110 2403 236 2469 Edidit:
258 2421 289 2469 et
302 2408 397 2470 subitd
412 2407 541 2491 collapsa
555 2410 616 2475 siue
631 2410 735 2474 ictibus
748 2411 813 2475 ullis

110 2508 232 2593 Exiguo
246 2510 331 2573 tinxit
344 2509 491 2594 subjectos
505 2513 645 2592 sanguine
660 2516 779 2582 cultros.

111 2611 204 2680 Fibra
218 2635 335 2699 quoque
351 2634 427 2696 aegra
441 2628 526 2677 notas
540 2615 611 2692 veri,
626 2618 812 2703 monitisque
828 2623 952 2687 deorum
1022 2629 1082 2690 190

110 2716 310 2783 Prodiderat:
333 2718 428 2781 tristes
442 2704 597 2803 penetrent
612 2720 650 2783 ad
664 2721 779 2787 viscera
792 2728 897 2790 morbi.

110 2826 190 2891 Ante
205 2846 305 2888 sacros
319 2823 379 2887 vidi
393 2825 526 2909 projecta
538 2826 688 2892 cadavera
701 2845 810 2914 postes,
855 2902 856 2906 ,

109 2932 189 2998 Ante
203 2931 291 3016 ipsas,
307 2930 366 3015 qud
380 2952 460 2995 mors
474 2929 550 2994 foret
563 2932 739 3013 invidiosior,
755 2959 830 3003 aras.

108 3035 185 3101 Pars
200 3036 328 3103 aninam
341 3038 449 3123 laqueo
464 3038 625 3120 claudunt3
646 3043 806 3128 mortisque
820 3045 957 3110 timorem

108 3141 208 3206 Morte
224 3141 346 3225 sugant:
368 3126 501 3227 ultroque
515 3159 623 3222 vocant
636 3147 781 3211 venientia
795 3148 863 3212 sata.
1019 3157 1079 3218 195

105 3245 243 3331 Corpora
257 3248 344 3311 missa
359 3248 426 3310 neci
441 3249 525 3311 nullis
540 3250 578 3313 de
592 3272 676 3314 more
692 3251 823 3314 feruntur

106 3349 295 3416 Funeribus:
316 3372 413 3436 neque
428 3353 508 3416 enim
519 3355 676 3439 capiebant
689 3356 906 3441 suneraperce.

106 3458 170 3523 Aut
182 3456 334 3520 inhumata
346 3472 484 3541 premunt
497 3473 588 3523 terras
602 3483 610 3521 :
632 3475 683 3525 aut
696 3446 801 3525 dantur
815 3464 844 3528 in
856 3468 928 3532 altos

97 3561 239 3627 indotata
252 3582 352 3647 rugos.
398 3561 440 3625 Et
447 3561 513 3648 jam
527 3564 691 3629 reverentia
703 3568 782 3632 nulla
797 3584 863 3635 est:

78 3663 203 3756 Deque
216 3669 302 3758 rogis
312 3685 476 3762 pugnant:
498 3671 665 3763 dictisque
677 3673 797 3762 igdtbus
809 3678 928 3741 ardent.
1022 3689 1090 3746 aba
