2264 4042
433 258 652 329 tunam,
770 274 776 279 '
985 266 1045 329 119

71 411 159 481 Mdle
173 429 253 500 patet
266 417 367 502 plagiS,
382 437 475 482 novus
489 434 534 482 est
548 441 701 483 successor
717 418 880 482 habendus.

119 519 269 605 Denique,
285 523 354 605 quid
368 524 463 587 verbis
477 546 552 606 opus
566 523 633 586 est?
657 526 975 608 spectemur'agendo:

73 625 170 688 Arma
184 627 236 688 viri
251 625 330 690 sortis
344 628 459 690 medios
474 629 621 690 mittantur
636 629 664 690 in
679 630 798 709 hostes;
952 694 955 699 ,
984 634 1043 693 121

73 727 150 793 Inde
160 730 263 814 jubete
278 732 359 814 peti:
382 746 411 794 et
425 730 603 795 referentem
617 747 718 795 ornate
733 733 851 796 relatis’

119 832 250 897 Finierat
260 835 426 899 Telamone
442 852 541 915 satus3
563 838 698 920 vulgique
714 852 845 900 secutum

74 937 188 1002 Ultirrm
202 962 334 1003 murmur
349 955 432 1003 erat:
454 943 549 1003 donec
562 941 697 1004 Laertius
711 943 799 1004 heros

72 1044 216 1107 Adstitit:
239 1060 326 1129 atque
342 1047 443 1108 oculos
456 1048 576 1130 paulum
590 1047 692 1109 tellure
707 1061 835 1112 moratos
979 1052 1045 1110 125

76 1148 200 1212 Sustulit
213 1151 252 1212 nd
267 1172 425 1234 proceres3
448 1166 678 1235 exspectatoque
697 1154 814 1216 resolvit

75 1252 142 1316 Ora
157 1277 249 1317 sono:
271 1277 367 1339 neque
383 1257 465 1320 abest
479 1256 611 1321 facundis
628 1259 719 1339 gratia
734 1259 828 1320 dictis.

122 1358 177 1420 ‘Si
191 1381 259 1421 mea
272 1382 341 1422 cum
355 1362 457 1424 vestris
471 1362 627 1424 valuissent
641 1377 718 1439 vota,
734 1362 862 1446 Pelasgi,

73 1464 148 1528 Non
163 1462 237 1527 foret
252 1466 404 1548 ambiguus
418 1467 488 1528 tanti
503 1467 669 1528 certaminis
683 1469 776 1528 haeres
794 1490 802 1528 z

72 1568 185 1652 Tuque
199 1570 255 1632 tuis
271 1572 367 1645 armis,
382 1593 435 1632 nos
450 1585 479 1631 te
493 1584 671 1652 poteremur,
692 1570 818 1631 Achille.
986 1574 1046 1634 130

74 1673 180 1747 Quem
196 1675 333 1757 quoniam
348 1696 406 1735 non
421 1696 504 1756 aequa
519 1674 588 1734 mihi
603 1673 743 1755 vobisque
758 1673 901 1756 negdrunt

75 1776 156 1841 Fata
168 1778 197 1856 ς’
222 1777 382 1861 (manuque
397 1778 482 1840 simul
501 1777 589 1839 veluti
603 1778 792 1860 lacrymantia
806 1780 886 1841 tersit

76 1881 222 1967 Lumina)
239 1889 247 1919 ‘
260 1884 323 1965 quis
338 1905 445 1965 magno
460 1883 564 1944 melius
579 1884 721 1946 succedat
737 1885 856 1960 Achilli,

75 1985 181 2059 Quam
196 2008 249 2069 per
264 2009 352 2070 quem
367 2010 488 2071 magnus
503 1987 616 2050 Danais
631 1990 772 2051 successit
794 1989 948 2052 Achilles?

125 2089 204 2152 Huic
219 2091 360 2154 modone
375 2093 474 2174 prosit,
490 2091 579 2174 quod,
596 2105 695 2167 otest,
710 2093 802 2154 hebes
821 2114 886 2154 esse
903 2094 1035 2156 videtur:

76 2195 167 2260 Neve
183 2196 252 2256 mihi
266 2211 381 2271 noceat,
397 2196 476 2278 qnod
491 2195 573 2278 vobis
588 2215 715 2276 semper,
731 2195 846 2269 Achivi,
989 2201 1048 2258 136

75 2298 195 2362 Profuit
207 2301 376 2383 ingenium:
398 2320 525 2381 meaque
540 2301 603 2360 haec
619 2296 765 2371 facundia,
780 2298 806 2369 si¹
819 2319 876 2380 qua
890 2313 944 2374 est,

76 2404 158 2476 Quae
173 2427 250 2467 nuno
266 2427 319 2487 pro
331 2405 459 2478 domino,
475 2424 528 2486 pro
542 2402 624 2465 vobis
639 2423 716 2484 saepe
736 2402 832 2464 locuta
847 2416 901 2477 est,

76 2509 192 2574 Invidia
206 2523 326 2572 cureat:
348 2509 425 2570 bona
439 2529 496 2569 nee
511 2529 562 2576 sua
581 2507 703 2591 quisque
717 2522 844 2570 recuset.

77 2614 114 2678 N
115 2637 162 2675 arn
176 2636 277 2696 genus,
294 2627 323 2675 et
336 2635 470 2697 proavos,
486 2628 515 2675 et
530 2635 592 2696 quae
607 2635 665 2675 non
684 2612 808 2676 lecimus
822 2615 887 2697 ipsi,
989 2619 1049 2678 140

74 2718 142 2782 Vix
157 2742 193 2781 ea
206 2732 301 2782 nostra
317 2741 402 2781 voco.
449 2719 511 2780 Sed
526 2720 614 2793 enim,
631 2720 699 2800 quia
711 2720 807 2783 retulit
821 2720 900 2804 Ajax

78 2823 162 2886 Esse
176 2823 258 2885 Jovis
272 2845 427 2906 pronepoS,
443 2824 529 2884 nostri
550 2844 667 2906 quoque
682 2824 828 2905 sanguinis
844 2837 945 2885 auctor

77 2927 195 3010 Jupiter
210 2943 272 2990 est:
294 2928 474 3011 totidemque
490 2928 597 3010 gradus
612 2929 751 2990 distamus
767 2929 803 2990 ab
818 2929 877 2989 illo.

78 3032 163 3096 Nam
177 3033 246 3094 mihi
262 3033 385 3095 Laertes
400 3047 481 3114 pater
497 3046 550 3107 est,
570 3033 709 3094 Arcesius
723 3033 772 3107 illi,

78 3136 194 3220 Jupiter
208 3138 298 3200 huic:
319 3158 415 3220 neque
430 3137 458 3197 in
473 3137 518 3197 his
533 3136 685 3217 quisquam
700 3137 853 3199 damnatus
868 3151 898 3201 et
911 3138 1006 3202 exsul.

80 3242 140 3306 Est
154 3264 269 3326 quoque
282 3265 335 3325 per
348 3256 474 3304 matrem
489 3239 643 3322 Cyllenius
658 3241 758 3303 addita
772 3242 857 3304 nobis
989 3249 1048 3310 146

81 3349 183 3410 Altera
198 3348 349 3410 nobilitas:
371 3349 445 3409 deus
459 3361 504 3409 est
517 3346 544 3407 in
560 3359 683 3427 utroque
705 3362 835 3429 parente.

83 3453 145 3516 Sed
160 3473 258 3534 neque
273 3465 403 3512 materno
419 3451 577 3534 quodsum
591 3452 758 3532 generosior
771 3466 846 3529 ortu,

83 3558 151 3622 Nec
166 3557 235 3618 mihi
251 3555 330 3638 quud
345 3569 427 3637 pater
442 3570 486 3618 est
495 3555 613 3617 fraterni
629 3557 774 3640 sanguinis
788 3557 896 3632 insons,

82 3662 232 3746 Proposita
247 3682 328 3724 anna
342 3672 430 3742 peto:
451 3661 561 3725 meritis
575 3663 733 3744 expendite
748 3682 878 3723 causam.
988 3662 1048 3720 150
