2264 4042
111 256 154 321 03
403 231 783 310 mannamosno‘n

108 408 310 496 Descnritque
325 411 459 476 ducem:
479 411 609 495 ooelique
623 409 763 494 cupidine
777 419 890 473 nactus

107 518 204 585 Altius
219 517 279 602 egit
292 517 358 581 iter.
403 515 516 600 Rapidi
529 516 637 580 vicinia
651 515 720 579 solis

107 622 204 687 Mollit
218 624 367 701 odoratae,
380 644 546 710 penuarran
560 620 688 699 vincula,
702 642 800 686 ceras.

107 729 285 794 Tabuerant
298 752 398 794 cerat
419 722 516 793 nndoi
531 729 624 814 quatit
635 729 685 793 ille
700 728 828 791 lacertos
839 748 847 788 ι
880 806 883 811 .
1046 730 1085 791 45

106 833 307 921 Remigioque
323 858 429 900 carens
442 858 501 900 non
515 835 591 903 ullas
602 834 728 920 percipit
742 851 840 897 auras.

106 938 230 1026 Oraque
244 941 382 1019 caenrled,
396 943 523 1027 patrium
538 941 696 1006 clamanda
708 960 830 1016 nomen,

105 1045 303 1134 Excipinntur
317 1048 413 1132 aquit:
438 1070 503 1133 quae
518 1069 629 1111 nomen
642 1047 733 1111 traxit
746 1046 784 1109 ab
799 1046 861 1109 illo.

102 1154 145 1218 At
158 1168 243 1240 pater
256 1152 368 1231 infelix,
383 1175 440 1217 nec
449 1153 515 1240 jam
529 1166 623 1237 pater,
638 1151 767 1229 ‘lcare,’
782 1152 866 1229 dixit,

101 1259 209 1337 Icare,'
223 1260 306 1338 dixit,
321 1261 392 1329 fulti
406 1259 463 1323 es?
485 1258 546 1344 qni
558 1272 588 1322 te
603 1258 724 1343 regione
737 1256 915 1343 requiram?
1045 1260 1084 1347 50

101 1364 207 1444 Icare,’
223 1362 364 1431 dicebat:
384 1389 497 1452 pennas
511 1365 650 1451 adspexit
662 1366 693 1429 in
706 1365 805 1442 undis,

101 1468 291 1558 Devovitque
306 1494 376 1538 suas
389 1487 486 1554 artes3
501 1492 677 1559 corpusque
688 1472 830 1555 sepulcro

102 1576 257 1658 Condidit,
269 1595 300 1645 et
313 1580 400 1645 tellus
414 1601 433 1643 a
446 1579 566 1643 nomine
582 1578 661 1643 dicta
670 1577 788 1663 sepulti.

144 1683 236 1749 Hunc
251 1687 351 1749 miseri
366 1686 479 1748 tumulo
493 1700 654 1768 ponentem
668 1706 794 1768 corpora
807 1683 867 1747 nati

100 1787 226 1852 Garrula
240 1788 360 1852 ramosa
372 1789 527 1873 prospexit
541 1789 580 1855 ab
593 1789 662 1853 ilice
673 1789 792 1872 perdix,
931 1847 939 1861 .
1040 1796 1079 1857 dd

99 1891 143 1957 Et
155 1894 262 1977 plausit
275 1892 391 1978 pennis,
404 1906 571 1978 testataque
585 1893 693 1978 gaudia
707 1906 797 1959 cantu
812 1907 880 1976 eet,

99 1996 199 2063 Unica
211 2013 282 2063 tunc
297 1999 437 2077 volucris,
451 2021 510 2063 nec
524 1999 588 2064 visa
600 1999 747 2087 prioribus
762 2001 856 2080 annia

99 2103 256 2191 Factaque
269 2127 365 2192 nuper
380 2107 452 2185 avis,
466 2107 588 2193 longum
602 2108 664 2187 tibi,
678 2106 816 2185 Deduc,
831 2108 957 2175 crimen.

98 2212 240 2301 Namque
255 2214 324 2279 huic
338 2214 510 2293 tradiderat,
524 2212 651 2281 fatorum
665 2215 779 2300 ignara,
792 2215 962 2283 docendam

99 2317 280 2404 Progeniem
295 2344 437 2407 germana
452 2345 547 2401 suam,
561 2323 706 2389 natalibus
721 2322 794 2387 actis
1031 2326 1078 2399 ,60

98 2423 153 2489 Bis
167 2447 294 2509 puerum
308 2429 397 2504 senis,
413 2430 503 2494 animi
515 2429 553 2492 ad
568 2423 718 2514 precepta
731 2428 862 2513 capacis.

99 2528 153 2592 llle
170 2532 263 2593 etiarn
278 2529 379 2593 medio
394 2531 492 2615 spinas
505 2533 535 2593 in
549 2533 632 2614 pisce
648 2548 763 2598 notatas

97 2633 205 2698 Traxit
218 2636 248 2697 in
265 2636 462 2718 exemplum:
483 2633 622 2720 ferroque
636 2637 738 2703 incidit
752 2654 842 2705 acuto

97 2739 266 2825 Perpetuos
280 2741 407 2822 dentes3
428 2757 459 2806 et
473 2763 560 2806 serra
574 2744 684 2828 reperit
699 2767 796 2810 usum

97 2845 217 2911 Primus
232 2861 262 2911 et
277 2868 317 2911 ex
331 2868 391 2911 uno
407 2848 467 2912 duo
481 2847 714 2945 ferreabrachia
727 2852 809 2920 nodo
1035 2859 1074 2922 dd

95 2949 199 3018 Vinxit
211 2978 221 3036 3
243 2969 285 3033 ut,
300 2955 404 3041 aquali
419 2956 514 3042 spatio
528 2955 703 3024 distantibus
715 2960 781 3038 illis,

96 3059 199 3125 Altera
213 3083 281 3147 pars
295 3075 407 3144 staret3
428 3085 498 3149 pars
512 3063 602 3127 altera
617 3065 742 3131 ducerm
751 3068 866 3132 orbem.

140 3166 283 3232 Dadalus
294 3169 416 3249 invidit3
438 3169 583 3255 sacrique
597 3193 638 3236 ex
652 3192 723 3237 arce
737 3173 881 3238 Minerva

95 3268 284 3357 Precipitem
298 3273 394 3351 mittit,
408 3274 524 3359 lapsum
538 3277 686 3343 mentitus.
730 3278 773 3341 At
785 3278 879 3358 illum,

94 3374 172 3452 Qua
188 3376 267 3442 lavet
280 3379 414 3464 ingeniis,
428 3383 550 3468 excepit
559 3381 681 3471 Pallas:
704 3404 850 3472 avemque
1031 3397 1071 3457 ⁷0

95 3482 253 3561 Reddidit,
263 3498 294 3548 et
308 3485 409 3548 medio
423 3487 530 3550 velavit
542 3488 574 3551 in
587 3489 659 3552 edre
671 3489 786 3574 pennis.

85 3589 158 3654 Sed
171 3590 256 3677 rr‘gm
266 3590 377 3678 ingenii
392 3591 544 3679 quondam
557 3592 668 3660 velocis
681 3595 713 3661 in
727 3597 801 3677 alas,

61 3689 168 3780 Inque
177 3699 285 3786 pedes
299 3700 397 3774 abiitr
419 3722 547 3784 nomen,
563 3701 649 3792 quod
663 3716 698 3772 et
708 3703 794 3783 ante,
804 3705 962 3771 remman
