2264 4042
487 258 603 317 ntum
613 259 663 316 XI.

480 560 619 626 LIBER
639 560 698 626 XI.

535 829 645 872 MIDAS.

535 1044 568 1084 v.
590 1025 642 1085 89.

95 1163 186 1230 Hunc
202 1166 326 1230 adsueta
339 1168 449 1232 cohors
463 1167 571 1252 Satyri,
586 1165 778 1252 Baccheque
793 1164 979 1250 frequentant
991 1186 1010 1227 :-

94 1273 136 1335 At
152 1271 268 1336 Silenus
284 1274 376 1338 abest.
421 1272 616 1339 Titubantem
630 1274 772 1357 annisque
787 1293 933 1357 meroque

95 1374 245 1441 Ruricolae
259 1378 370 1464 cepere
384 1377 544 1463 Phryges:
564 1379 756 1463 vinctumque
770 1378 887 1443 coronis

93 1482 144 1544 Ad
158 1504 262 1566 regem
275 1483 393 1547 traxere
409 1482 514 1547 Midan
526 1506 536 1546 a
557 1485 606 1548 cui
619 1483 770 1547 Thracius
784 1484 926 1567 Orpheus

96 1585 189 1671 Orgia
203 1588 373 1664 tradiderat,
388 1609 460 1651 cum
473 1587 625 1672 Cecropio
640 1587 801 1672 Eumolpo.
1054 1595 1074 1654 ὁ

95 1690 157 1766 Qui
172 1694 260 1756 simul
275 1692 392 1776 agnovit
405 1693 520 1756 socium
534 1694 734 1778 comitemque
749 1714 913 1772 sacmmm,

93 1796 227 1884 Hospitis
243 1799 369 1863 adventu
384 1797 492 1864 festum
506 1800 657 1884 genialiter
671 1801 732 1886 egit

92 1902 157 1968 Per
170 1905 216 1969 bis
231 1905 360 1990 quinque
375 1906 450 1984 dies,
465 1919 497 1969 et
505 1906 625 1992 junctas
638 1906 743 1974 ordine
757 1921 871 1974 noctes.
889 1967 893 1975 .

136 2009 179 2075 Et
188 2011 253 2096 jam
268 2011 416 2075 stellarum
431 2012 555 2077 sublime
570 2017 711 2099 coegerat
725 2036 833 2098 agmen

55 2158 58 2163 -
86 2113 217 2187 ¹Lucifer
232 2117 417 2197 undecimus,
433 2115 538 2217 Lydos
553 2119 623 2182 cirm
637 2121 720 2184 laetus
734 2120 763 2183 in
778 2141 864 2204 agros
1032 2128 1071 2187 10

93 2222 167 2291 Rex
181 2223 279 2303 venit3
301 2237 332 2287 et
340 2223 444 2309 juveni
459 2222 593 2288 Silenum
608 2224 707 2288 reddit
721 2225 850 2288 alumno

93 2328 176 2393 Huic
191 2330 266 2393 deus
279 2329 401 2414 optandi
416 2342 541 2412 gratum,
557 2329 612 2392 sed
626 2329 736 2404 inutile,
751 2329 822 2393 fecit

93 2434 227 2500 Muneris
242 2435 404 2510 arbitrium,
420 2434 553 2518 gaudens
569 2434 661 2500 altore
675 2450 807 2522 recepto.

92 2542 145 2607 llle
159 2542 238 2607 male
253 2562 360 2607 usurus
373 2541 468 2619 donis,
484 2541 533 2618 ait,
546 2540 674 2620 ‘Effice,
690 2543 832 2632 quidquid

93 2646 229 2734 Corpore
244 2647 405 2732 contigero,
420 2645 532 2710 fulvum
542 2661 671 2712 vertatur
680 2650 711 2713 in
726 2652 852 2715 aumm.'
1031 2660 1070 2719 15

92 2755 206 2846 Adnuit
218 2754 342 2839 optatis:
363 2754 555 2838 nocituraque
570 2777 695 2820 munera
708 2757 792 2821 solvit
1008 2767 1011 2774 '

92 2859 207 2940 Liber,
230 2873 260 2923 at
272 2859 404 2935 indoluit,
419 2859 500 2944 quod
513 2882 574 2924 non
588 2862 711 2925 meliora
725 2861 856 2947 petisset.

135 2965 239 3030 Laetus
253 2965 334 3046 abit3
355 2965 524 3050 gaudetque
539 2967 619 3030 malo
633 2964 852 3051 Berecynthius
867 2970 977 3036 heros:

90 3068 320 3156 Pollicitanrque
332 3070 427 3137 fidem
440 3070 590 3156 tangendo
600 3071 714 3154 singula
728 3085 831 3137 tentat.

56 3174 212 3263 Vixque
224 3174 279 3241 siri
292 3176 430 3255 credens,
444 3197 505 3240 non
520 3175 579 3239 alta
592 3174 697 3241 fronde
712 3177 855 3244 virentem
1027 3192 1070 3251 20

44 3248 70 3343 1
90 3280 161 3351 llice
177 3282 344 3347 detraxit
318 3303 452 3367 virgam·
474 3282 555 3368 virga
569 3305 660 3347 aurea
674 3280 752 3351 lacta
767 3300 822 3351 est

90 3384 183 3453 Tollit
196 3388 289 3452 humo
303 3408 429 3453 eaxurn.
451 3410 557 3453 saxum
572 3410 691 3474 quoque
705 3391 807 3476 palluit
821 3399 903 3460 auro.

92 3492 223 3579 Contigit
237 3508 269 3558 et
281 3495 419 3579 glebam:
441 3508 579 3561 conmetu
589 3496 676 3580 gleba
690 3500 800 3582 potenti

92 3598 193 3665 Massa
206 3602 248 3664 fir.
291 3602 422 3665 Arentes
436 3599 558 3670 Cereris
573 3603 728 3694 decerpsit
739 3605 869 3674 nausa

74 3703 179 3767 Aurea
191 3707 301 3773 messis
315 3721 391 3773 erat.
436 3709 616 3802 Demptum
630 3730 722 3785 tenet
734 3701 850 3783 aritore
862 3731 1021 3800 pomum·
1060 3713 1114 3773 025·

310 3813 357 3876 911
