2264 4042
459 266 573 325 arana
591 252 668 325 run.
687 312 691 320 .

71 413 208 486 AEaeidae
224 416 364 484 soeeunda
378 421 428 483 liri.
474 422 561 485 Jaoet
574 425 646 487 llion
661 427 782 509 ingens:

29 588 32 601 ,
72 524 252 608 Eventuque
267 527 346 608 gravi
358 527 437 588 linita
448 542 493 589 est
503 528 620 610 publica
634 531 753 593 clades:

74 628 108 691 Si
123 629 203 690 finita
218 644 324 692 tamen.
371 630 434 692 Soli
449 631 519 692 mihi
540 631 687 714 Pergama
701 648 829 696 restant:
982 642 1043 699 500

44 765 47 770 ·
71 733 108 795 ln
123 755 270 817 cursuque
283 757 369 797 meus
383 735 465 797 dolor
480 751 533 798 est.
577 735 672 798 Modo
686 739 815 800 maxima
828 761 937 816 rerum,

73 837 135 900 Tot
149 840 263 919 generis
273 840 405 922 natisque
421 853 535 922 potens,
549 841 727 924 nuribusque
742 843 872 926 viroque,

74 938 108 1005 N
108 964 165 1004 unc
179 945 277 1005 trahor
292 945 386 1020 exsul,
402 944 494 1027 inops
509 945 626 1007 tumulis
637 947 736 1008 avulsa
750 968 893 1024 meorum,

74 1045 235 1131 Penelopae
247 1070 373 1111 munus:
396 1071 459 1131 quae
474 1069 533 1125 me,
550 1050 618 1112 data
632 1072 724 1132 pensa
735 1053 908 1129 trahentem,

73 1146 219 1217 Matribus
233 1153 391 1215 ostendens
405 1152 522 1229 Ithaeis,
539 1160 557 1191 ‘⁶
571 1152 646 1215 Haec
662 1153 801 1217 Hectoris
815 1157 863 1217 illa
878 1172 922 1218 est
980 1163 1040 1220 505

61 1253 166 1318 Clara
180 1278 307 1338 parens:
329 1259 392 1319 haec
407 1257 481 1332 est,”
497 1258 586 1332 dicet,
602 1257 782 1319 “Priameia
796 1259 936 1343 conjux.”

73 1357 207 1440 Postque
221 1376 263 1422 tot
277 1361 399 1423 amissos
414 1374 445 1422 tu
459 1382 548 1435 nunc,
565 1382 627 1443 quae
644 1362 705 1423 sola
720 1362 838 1424 levabas

74 1462 226 1526 Maternus
240 1465 345 1538 luctus,
360 1465 474 1526 hostilia
488 1466 572 1526 busta
586 1464 681 1546 piasti.

73 1565 197 1629 Inferias
211 1569 287 1628 hosti
301 1569 413 1649 peperi.
459 1567 532 1638 Qud
547 1566 642 1628 ferrea
655 1567 758 1628 resto?

75 1670 195 1743 Quidve
210 1671 333 1733 moror?
357 1671 416 1753 qud
430 1692 479 1731 me
495 1692 602 1744 servas,
619 1671 759 1732 damnosa
773 1673 933 1736 senectus?
983 1680 1044 1737 510

75 1774 168 1851 Quid,
185 1775 214 1837 di
229 1776 374 1849 crudeles,
390 1775 444 1836 nisi
459 1775 518 1856 qud
533 1797 609 1837 nova
624 1774 725 1837 funera
739 1797 869 1852 cernam,

73 1878 218 1941 Vivacem
235 1879 354 1941 differtis
368 1877 481 1940 anum?
526 1877 602 1950 Quis
616 1902 702 1962 posse
717 1895 832 1963 putaret

75 1980 210 2045 Felicem
225 1983 386 2057 Priamum,
402 1997 467 2064 post
483 1983 576 2045 diruta
591 1983 748 2066 Pergama,
764 1985 844 2047 dici?

75 2085 164 2149 Felix
178 2100 271 2148 morte
286 2087 348 2161 suh,
363 2108 420 2148 nec
435 2101 475 2161 te,
490 2109 559 2148 mea
573 2102 650 2162 nata,
665 2102 850 2170 peremptam

75 2191 220 2272 Adspicit,
235 2205 265 2252 et
279 2192 366 2252 vitam
381 2191 489 2271 pariter
503 2211 683 2272 regnumque
698 2192 822 2272 reliquit.
981 2200 1041 2257 515

76 2295 117 2356 At
133 2291 230 2376 (puto)
246 2293 394 2356 funeribus
407 2294 557 2366 dotabere,
571 2294 652 2373 regia
665 2293 766 2373 virg03

76 2393 289 2476 Condeturque
304 2408 386 2453 tuunr
401 2392 596 2453 monumentis
610 2412 716 2472 corpus
732 2393 822 2454 avitis.

77 2497 147 2560 Non
161 2499 225 2559 haee
241 2509 286 2558 est
301 2495 414 2556 fortuna
429 2493 543 2556 dormis.
588 2493 657 2555 Tibi
672 2517 794 2558 munera
808 2499 906 2561 matris

76 2601 254 2683 Contingent
268 2599 362 2673 fletus,
377 2598 595 2683 peregrinaeque
611 2598 730 2661 haustus
745 2622 850 2662 arenae

78 2705 187 2768 Omnia
201 2705 391 2786 perdidimus.
436 2701 587 2784 Superest,
603 2724 656 2764 cur
670 2703 768 2765 vivere
784 2717 899 2787 tempus
983 2711 1044 2768 520
1105 2732 1112 2746 .

77 2808 111 2871 ln
124 2811 215 2871 breve
230 2809 397 2881 sustineam,
413 2809 509 2889 proles
524 2807 793 2888 gratissimarum,

78 2913 168 2978 Nune
183 2914 269 2988 soluS,
286 2912 432 2993 quondam
448 2911 583 2972 minimus
598 2911 635 2972 de
651 2912 737 2993 stirpe
752 2912 833 2986 virili,

79 3012 145 3079 Has
160 3018 244 3078 datus
259 3016 379 3077 Ismario
394 3015 456 3096 regi
471 3014 637 3095 Polydorus
651 3015 680 3073 iu
695 3035 771 3074 oras.

79 3119 161 3194 Quid
176 3142 274 3181 moror
287 3121 399 3180 interea
413 3117 542 3178 crudelia
557 3117 676 3176 vulnera
691 3116 817 3197 lymphis

79 3226 219 3299 Abluere,
235 3238 264 3285 et
279 3205 393 3305 sparsos
408 3221 509 3282 immiti
529 3220 667 3301 sauguine
681 3221 775 3282 vultus
788 3218 821 3280 ?'
980 3231 1041 3289 525

121 3329 228 3391 Dixit:
251 3341 280 3388 et
295 3328 332 3388 ad
347 3328 423 3388 littus
437 3347 523 3408 passu
538 3325 679 3406 processit
693 3324 769 3399 anili,

80 3433 221 3496 Albentes
236 3430 340 3492 laniata
354 3452 466 3492 comas.
513 3427 622 3502 ‘Date‚
637 3427 785 3506 Troades,
799 3432 923 3508 urnam,'

79 3534 206 3598 Dixerat
219 3533 328 3609 infelix,
343 3533 465 3616 liquidas
479 3533 607 3595 hauriret
620 3545 651 3593 ut
664 3532 758 3605 undas
771 3555 778 3592 ε

80 3640 213 3723 Adspicit
226 3639 353 3722 ejectum
367 3636 510 3720 Polydori
524 3639 553 3702 in
567 3638 664 3705 littore
679 3659 802 3723 corpus,
