2264 4042
396 223 398 229 ¹
495 266 662 325 curav.
760 294 765 303 ·

104 424 245 510 Gorgone
256 426 300 489 bis
315 439 433 488 centum
448 426 598 508 riguerunt
612 448 736 510 corpora
750 426 821 488 visis.

33 531 41 537 ⁶
147 532 278 594 Poenitet
290 530 385 615 injusti
400 552 478 594 nunc
493 531 620 615 denique
635 531 752 595 Phinea
763 531 843 594 belli.

105 637 169 700 Sed
185 637 254 720 quid
271 635 361 719 agat?
386 635 552 699 Simulacra
565 637 646 701 videt
660 637 775 699 diversa
789 635 911 719 figuris3

102 742 308 826 Agnoscitque
324 763 410 804 suos:
433 756 463 803 et
476 743 594 804 nornine
610 762 759 826 quemque
774 753 895 804 vocatos
993 780 1000 790 «
1014 740 1073 798 155

104 847 208 912 Poscit
216 869 324 931 opem:
339 847 525 931 credensque
539 869 654 931 parurn,
670 847 724 910 sibi
738 847 873 931 proxima
887 845 979 927 tangit

103 951 262 1037 Corpora:
284 974 414 1015 marmor
425 966 517 1015 erant.
555 953 725 1032 Avertinrr3
741 965 828 1035 atque
838 951 879 1014 ita
887 950 1022 1035 supplex,

101 1055 325 1141 confessasque
340 1079 454 1135 manus,
469 1058 645 1144 obliquaque
661 1059 782 1122 brachia
795 1058 930 1133 tendens,

103 1161 245 1239 ‘Vincis'
260 1163 307 1240 ait,
324 1163 478 1228 ‘Perseuz
499 1186 619 1228 remove
634 1163 699 1228 fera
712 1177 861 1242 monstra3
882 1176 999 1245 tueque

103 1267 251 1331 Saxificae
262 1270 367 1347 vultus,
383 1291 576 1354 quecumque
593 1292 640 1347 ea,
655 1272 723 1335 tolle
739 1269 887 1332 Meduse.
1013 1267 1073 1328 150

101 1371 200 1450 Tolle,
216 1396 332 1470 precor.
378 1376 449 1438 Non
462 1397 518 1439 nos
531 1377 644 1453 odium,
658 1376 778 1459 regnive
793 1373 902 1459 cupido

101 1477 257 1563 Compulit
268 1480 306 1541 ad
318 1481 449 1542 bellum:
471 1502 525 1564 pro
540 1481 667 1565 conjuge
681 1481 829 1543 movimus
843 1500 936 1552 arma.

101 1582 205 1668 Causa
220 1583 274 1647 suit
287 1586 398 1648 meritis
412 1586 516 1647 melior
529 1598 590 1660 tua,
604 1599 738 1669 ternpore
753 1597 861 1647 nostra.

101 1687 172 1754 Non
187 1690 313 1753 cessisse
327 1690 417 1774 piget.
462 1689 555 1766 Nihil,
570 1712 589 1754 ο
603 1688 769 1768 fortissime,
784 1702 889 1774 preter

102 1791 192 1857 Hauc
209 1786 337 1855 animani
352 1795 487 1854 maceda
501 1796 594 1855 mihi:
615 1809 668 1857 tua
681 1810 788 1858 cetera
803 1794 910 1858 sunto!
1013 1794 1073 1857 165

100 1897 191 1962 Talia
205 1897 324 1973 dicenti,
339 1917 438 1981 neque
453 1919 533 1974 eum,
549 1920 639 1983 quem
653 1920 728 1963 voce
742 1901 874 1984 rogabat,

100 2001 268 2087 Respicere
284 2001 412 2078 audead,
428 2001 569 2080 ‘Quod’
584 2005 633 2081 ait,
649 2005 849 2068 ‘timidissime
864 2003 993 2082 Phineu,

100 2104 146 2194 Et
160 2128 280 2190 possum
294 2107 438 2187 tribuisse,
453 2123 484 2172 et
497 2130 637 2194 magnum
652 2131 759 2173 munus
772 2109 856 2173 inerti
870 2122 925 2186 est,

47 2253 51 2259 .
102 2210 203 2297 (Pone
218 2212 345 2298 metum)
361 2215 508 2277 tribuam:
530 2215 610 2277 nullo
625 2215 771 2277 violabere
787 2213 878 2276 ferro.

101 2315 185 2396 Quin
200 2299 288 2380 etiarn
303 2339 440 2381 mansura
454 2319 532 2381 dabo
546 2331 737 2381 monumenta
749 2338 804 2402 per
819 2327 931 2397 aev'um3
1011 2322 1073 2382 170

102 2420 196 2506 laque
212 2423 303 2485 domo
319 2422 414 2484 soceri
428 2443 548 2506 semper
562 2424 734 2506 spectabere
748 2423 860 2505 nostri3

102 2525 146 2589 Ut
159 2549 228 2590 mea
242 2549 275 2590 se
290 2534 389 2610 sponsi
404 2528 512 2591 soletur
526 2529 655 2612 imagine
669 2530 800 2616 conjux!

100 2630 187 2695 Dixit
200 2654 207 2694 :
231 2647 261 2695 et
274 2633 304 2694 in
318 2647 432 2716 partem
447 2633 639 2718 Phorcynida
652 2637 795 2700 transtulit
808 2637 898 2714 illam,

101 2736 151 2800 Ad
168 2759 256 2821 quarn
273 2759 304 2800 se
320 2739 436 2821 trepido
450 2738 583 2802 Phineus
597 2742 764 2805 obverterat
778 2764 841 2806 ore.

100 2840 182 2904 Tum
198 2864 316 2926 quoque
330 2844 447 2906 conanti
462 2866 515 2908 sua
529 2844 651 2909 flectere
665 2847 775 2909 lumina
789 2849 891 2911 cervix
1008 2855 1067 2913 175

102 2946 240 3030 Diriguit,
255 2968 386 3030 saxoque
401 2951 554 3013 oculorum
563 2951 690 3015 induruit
704 2953 820 3015 humor.

103 3050 166 3114 Sed
181 3066 279 3114 tamen
294 3075 328 3115 os
342 3055 487 3130 timidum,
502 3055 656 3140 vultusque
670 3058 700 3119 in
714 3078 861 3120 marmore
876 3060 1010 3144 supplex,

101 3153 319 3243 submissaque
334 3180 449 3236 manus,
465 3157 615 3243 faciesque
630 3162 759 3226 obnoxia
772 3164 888 3229 mansit.

1123 1235 1131 1264 1
