2264 4042
455 237 642 297 ualerone
661 236 724 293 vlt
988 234 1047 295 159

69 393 155 470 Quid
170 419 245 481 puer
258 400 412 476 Ascanius,
427 398 498 483 quid
512 396 544 459 di
558 396 693 467 meruere
702 389 851 478 penates?

115 500 235 584 Ignibus
249 518 364 588 ereptos
376 505 481 568 obruet
494 501 574 564 unda
588 501 671 564 deos.

28 606 31 613 '
72 604 136 668 Sed
151 600 247 691 n'eque
262 609 320 672 sers
333 624 433 673 tecum
447 630 455 671 r
468 628 537 684 nec,
552 626 618 689 que
633 605 713 681 mihi,
728 603 854 688 perfide,
865 601 971 686 jactas,

114 710 290 777 Presserunt
302 716 440 777 humeros
455 734 539 777 sacra
552 724 695 796 paterque
713 722 789 772 tuos.

69 814 180 878 Omnia
194 820 344 882 mentiris:
365 841 423 882 nec
438 819 518 881 enim
531 832 582 880 tua
596 814 697 878 fallere
718 814 816 896 lingua
1004 815 1045 873 75

113 919 217 1005 Incipit
232 946 249 986 a
263 908 368 1002 nubis3
384 925 536 1007 primaque
551 922 664 1005 plector
686 940 753 1002 ego.

70 1022 104 1086 si
120 1045 242 1108 quaeras,
259 1028 307 1090 ubi
323 1028 359 1090 sit
372 1025 490 1090 formosi
505 1040 599 1088 mater
612 1024 690 1088 Iiili:

114 1128 244 1207 Occidit,
260 1153 278 1192 a
293 1132 367 1194 duro
383 1133 444 1194 sola
458 1132 559 1195 relicta
574 1131 646 1192 viro.

67 1232 138 1296 Nec
152 1235 221 1296 mihi
236 1257 319 1299 mens
335 1237 423 1300 dubia
437 1251 491 1313 est,
507 1237 577 1320 quin
591 1249 621 1297 te
635 1248 686 1297 tua
701 1234 821 1297 numina
836 1233 986 1296 damnent.

111 1337 173 1401 Per
186 1362 278 1418 mare,
293 1363 347 1424 per
361 1356 453 1404 terras
468 1342 593 1423 septima
610 1339 702 1423 jactat
713 1339 818 1402 hiems.
1003 1338 1044 1399 80

67 1441 146 1505 Diva
160 1465 277 1526 parens,
294 1446 447 1528 seniorque
462 1460 555 1529 pater,
571 1445 618 1527 pia
634 1445 748 1506 sarcina
761 1444 831 1519 nati,

112 1546 207 1630 Spem
222 1549 294 1611 mihi
308 1551 437 1612 mansuri
452 1551 505 1611 rite
522 1548 633 1610 dedere
648 1547 711 1607 viri.

65 1651 99 1715 Si
114 1650 169 1714 suit
183 1653 351 1729 errandum,
367 1674 471 1716 causas
485 1653 575 1714 habet
589 1672 669 1713 error
690 1651 850 1714 honestas:

108 1758 201 1820 Adde
215 1758 307 1822 fidem
319 1781 329 1838 3
344 1758 423 1821 nulli
436 1772 518 1842 parte
534 1757 678 1841 pigendus
689 1756 753 1818 erit.

64 1860 164 1926 Durat
176 1863 206 1925 in
221 1878 398 1942 extremum,
414 1865 537 1949 vitaeque
552 1864 709 1927 novissima
723 1877 827 1928 nostre
1001 1871 1040 1930 85

108 1963 301 2049 Persequitur
316 1966 375 2043 fati,
391 1967 440 2051 qui
455 1965 507 2029 fuit
522 1967 598 2043 ante,
613 1981 707 2031 tenor.

63 2068 185 2132 Occidit
198 2071 324 2135 internas
339 2073 448 2158 conjux
462 2087 606 2135 mactatus
621 2074 658 2134 ad
674 2095 760 2136 aras:

108 2173 151 2235 Et
165 2176 282 2239 sceleris
296 2178 367 2238 tanti
382 2178 502 2260 premia
515 2177 604 2240 frater
617 2178 716 2239 habet.

61 2275 161 2340 Exsul
176 2301 245 2362 agor
258 2303 267 2359 3
281 2281 455 2363 cineresque
470 2281 531 2355 viri,
547 2281 729 2362 patriamque
744 2281 896 2363 relinquo:

105 2381 148 2444 Et
163 2381 239 2446 seror
254 2385 283 2445 in
299 2385 398 2460 duras,
414 2384 497 2446 hoste
510 2398 660 2466 sequente,
676 2384 748 2446 vias.
996 2393 1037 2452 90

59 2487 203 2569 Applicor
217 2488 342 2570 ignotis:
357 2487 495 2571 fratrique
510 2489 610 2572 elapsa
624 2488 767 2575 fretaque,

105 2590 198 2663 Quod
212 2592 266 2654 tibi*
277 2593 393 2668 donavi,
408 2594 531 2677 perfide,
547 2593 623 2658 littus
638 2616 718 2659 emo.

59 2692 176 2758 Urbem
191 2698 324 2761 constitui
337 2721 346 2776 ;
361 2699 478 2783 lateque
492 2701 621 2784 patentia
642 2701 693 2763 fixi

104 2798 228 2878 Moenia,
243 2802 371 2866 finitimis
385 2805 526 2868 invidiosa
543 2806 626 2869 locis

55 2903 146 2969 Bella
160 2918 293 2969 tument:
308 2908 391 2970 bellis
404 2911 558 2993 peregrina
574 2926 603 2975 et
618 2911 738 2976 soemina
752 2928 866 2980 tentor:
993 2924 1034 2984 95

100 3007 221 3092 Vixque
237 3012 325 3074 rudes
340 3027 437 3095 portas
452 3016 541 3092 urbiS,
557 3030 587 3077 et
608 3039 699 3093 arma,
715 3040 796 3100 paro.

55 3110 140 3175 nulle
154 3115 251 3196 procis
264 3116 380 3200 placui:
396 3119 445 3198 qui
456 3140 505 3180 me
524 3118 636 3196 coiere,
653 3135 820 3203 querentes,

98 3218 212 3281 Nescio
227 3240 321 3303 quem
331 3222 464 3285 thalamis
478 3225 669 3308 praepusuisse
684 3227 753 3291 suis.

53 3321 138 3396 Quid
154 3324 268 3388 dubitas
283 3328 408 3390 vinctam
425 3327 541 3391 Gaetulo
556 3331 671 3394 tradere
696 3331 815 3398 Ii‘arbae?

97 3427 280 3492 Praebuerim
294 3432 398 3495 sceleri
412 3434 532 3498 brachia
545 3452 644 3499 nostra
657 3453 717 3502 tuo.

53 3531 112 3597 Est
125 3534 214 3597 etiam
230 3535 338 3616 srater3
354 3539 437 3622 cujus
451 3563 556 3605 manus
569 3542 659 3627 impia
672 3548 762 3629 possit

97 3638 246 3723 Respergi
260 3656 368 3718 nostro,
385 3665 487 3726 sparsa
500 3669 604 3713 cruore
622 3651 684 3714 viri.
