2264 4042
112 267 176 327 174
386 256 389 265 '
531 232 654 319 item

110 415 174 480 Sex
188 414 315 493 Remus,
330 415 379 479 hic
392 416 528 479 volucres
541 415 586 478 bis
599 434 655 479 sex
668 415 748 479 videt
762 415 866 479 ordine
879 437 887 476 r
907 428 998 500 pacto

153 521 273 585 Statana
288 535 318 585 et
331 520 481 585 arbitrium
494 519 642 585 Romulus
655 521 735 585 urbis
743 520 843 609 helpet.
1039 520 1076 581 90

109 628 190 710 Apta
203 626 267 690 dies
279 626 394 711 legitur,
409 624 470 710 qul
482 627 592 690 moenia
605 626 700 710 signet
710 639 815 689 aratro

155 730 250 795 Sacra
264 730 344 795 Palis
358 734 496 797 suberant
507 755 516 795 r
529 733 598 795 inde
613 745 747 796 movetur
760 752 844 815 opus.

110 834 184 898 Inde
198 858 337 921 premens
350 838 454 901 stivam
469 838 601 922 designat
615 837 724 901 moenia
739 837 841 901 sulco:

154 940 234 1005 Alba
248 943 355 1027 jugum
368 943 455 1006 niveo
469 964 539 1008 crun
552 944 628 1007 bove
643 964 736 1007 vacca
748 930 821 1006 tulit.

113 1041 181 1109 Vox
195 1045 249 1109 suit
261 1047 325 1110 haec
340 1046 455 1130 Regis:
477 1047 657 1126 ‘Gaudenti,
671 1044 796 1132 Jupiter,
810 1046 926 1122 urbem,
1038 1047 1074 1107 95

154 1149 197 1214 Et
210 1152 322 1235 genitor
336 1150 466 1229 Mavors,
480 1150 632 1236 Vestaque
653 1166 756 1228 mater,
771 1151 865 1215 ades:
1067 1170 1069 1177 ·

111 1251 256 1339 Quosque
271 1257 353 1341 pium
366 1270 412 1320 est
425 1256 565 1320 adhibere
580 1257 662 1333 deos,
677 1256 821 1319 advertite
840 1254 961 1318 cuncti:

154 1362 333 1445 Auspicibus
346 1362 429 1425 vobis
443 1363 502 1424 hoc
516 1361 586 1423 mihi
602 1374 700 1445 surgat
717 1382 801 1444 opus.

112 1462 219 1551 longa
232 1466 268 1529 ait
281 1466 350 1529 huic
365 1479 443 1543 atas,
458 1465 642 1549 dominaeque
655 1466 786 1549 potentia
805 1478 910 1528 terra:

154 1570 258 1656 Sitque
273 1572 329 1634 sub
346 1569 405 1635 hac
418 1570 519 1634 oriens
531 1570 732 1654 occiduusque
748 1570 822 1633 dics.
1021 1570 1076 1631 100

112 1674 165 1738 Ille
179 1677 363 1759 precabatur.
406 1674 532 1738 Tonitru
546 1676 629 1738 dedit
641 1675 740 1738 omina
753 1675 826 1738 laevo

155 1777 290 1861 Jupiter:
313 1793 343 1842 et
356 1779 429 1841 levo
443 1778 564 1841 fulmina
578 1779 666 1842 missa
679 1778 759 1860 polo.

112 1882 245 1965 Auguria
259 1883 315 1944 laeti
331 1883 445 1966 jaciunt
458 1881 627 1945 fundamina
638 1881 740 1961 cires3

156 1984 199 2049 Et
212 2007 305 2050 novus
316 1987 424 2070 exiguo
438 2000 571 2072 tempore
584 2009 686 2051 murus
701 2000 773 2050 erat.

114 2088 183 2155 Hoc
198 2090 288 2155 Celer
304 2107 388 2176 urget
401 2115 485 2177 opus,
501 2113 589 2176 quem
604 2092 751 2156 Romulus
764 2092 827 2176 ipse
839 2091 983 2171 vocarat3
1021 2095 1076 2154 lot

158 2196 310 2280 ‘Sintque,
326 2196 427 2273 Celer,
443 2199 541 2273 curae,’
557 2199 682 2274 dixerat,
705 2198 777 2261 ‘ista
786 2197 865 2260 tuae?

113 2301 200 2366 Neve
215 2304 279 2387 quis
294 2317 343 2367 aut
357 2325 466 2381 muros,
482 2317 532 2367 aut
541 2302 649 2368 factam
664 2324 784 2367 vomere
798 2301 908 2369 fossam
1024 2324 1028 2329 ·

157 2406 322 2471 Transeat:
337 2410 494 2472 audentem
508 2409 576 2472 talla
591 2410 669 2473 dede
683 2409 760 2472 neci

115 2508 207 2584 Quod
222 2510 338 2574 Remus
352 2512 496 2594 ignorans,
511 2512 637 2576 humiles
650 2530 841 2577 contemmere
852 2533 953 2575 muros

158 2612 259 2698 Coepit
272 2636 280 2674 ι
295 2628 334 2689 et,
349 2621 358 2650 ‘
371 2612 427 2676 His
440 2615 585 2698 populus,’
600 2616 710 2693 dicere,
726 2624 824 2681 ‘tutus
838 2616 892 2680 crit
903 2615 938 2700 ἓ]
1018 2618 1077 2687 110

115 2717 183 2780 Nec
199 2738 291 2792 mora,
305 2717 453 2781 transiluit.
496 2716 593 2781 Rutro
605 2717 695 2782 Celer
708 2734 834 2804 occupat
846 2741 960 2786 ausum.
1117 2701 1123 2713 ⁸

158 2820 211 2885 Ille
225 2820 335 2905 premit
345 2822 448 2885 duram
463 2823 698 2906 sanguinolentus
711 2825 844 2888 humum.
914 2896 930 2919 ι

117 2924 192 2990 Hac
206 2927 255 2990 ubi
270 2925 341 2990 Rex
356 2926 466 3003 didicit,
480 2928 626 3017 lacrymas
640 2930 779 2994 introrsus
792 2931 910 2994 obortas

159 3031 300 3108 Devorat‚
316 3045 346 3096 et
358 3033 489 3097 clausum
501 3047 620 3118 pectore
634 3034 738 3098 varlnus
751 3034 850 3097 habet.

118 3134 206 3200 Flere
220 3137 318 3222 palam
332 3159 390 3201 non
404 3139 473 3215 vult,
488 3140 683 3223 exemplaque
698 3139 781 3203 sortia
795 3153 911 3203 servat:
1019 3143 1078 3203 lit

162 3241 291 3325 ‘Sicque
304 3263 388 3305 meos
399 3264 499 3306 muros
511 3257 639 3309 transeat
652 3245 762 3319 hostis,’
773 3245 823 3308 ait.

117 3341 180 3407 Dat
192 3358 291 3408 tamen
304 3347 477 3429 exsequias:
491 3370 547 3411 nec
563 3349 628 3434 jam
642 3347 820 3430 suspendere
835 3348 938 3414 fletum
1060 3418 1063 3423 ,

163 3448 292 3513 Sustinet
306 3473 315 3529 3
344 3465 374 3514 et
386 3452 479 3536 pietas
494 3451 669 3516 dissimulata
683 3463 772 3534 patet.

120 3554 289 3640 Osculaque
304 3556 441 3642 applicuit
455 3558 548 3642 posito
563 3577 699 3640 suprema
713 3556 840 3623 feretro:

145 3665 254 3752 Atque
268 3665 310 3733 ait
324 3688 333 3730 t
349 3663 466 3731 ‘Invito
481 3661 571 3729 irater
585 3663 740 3747 adempte,
749 3663 833 3754 sale?
1018 3668 1083 3722 rau
