2264 4042
456 247 570 308 mult
582 248 631 305 vt.

53 410 182 476 Talibus
197 424 243 474 est
256 409 340 473 dictis
358 405 476 492 gemina
489 429 561 471 cum
575 409 657 491 prole
671 404 791 467 locuta:

53 516 127 581 ‘En
143 539 200 600 ego
214 530 311 580 vestra
323 537 440 599 parens,
455 515 539 576 vobis
554 513 685 576 animosa
698 510 815 586 creatis,

54 623 99 688 Et
112 624 167 686 uisi
181 622 300 699 Junoni,
315 622 384 684 nulli
399 642 521 702 cessura
535 621 668 694 dearum,
991 610 1033 672 60

54 730 104 793 An
120 730 179 792 dea
194 729 259 805 sim,
276 728 391 791 dubitor
408 750 415 789 ε
437 747 550 812 perque
564 725 664 787 omnia
678 723 786 787 seacula
799 721 883 786 cultis

55 835 181 911 Arceor,
197 857 216 897 ο
230 835 300 911 nati,
315 833 370 896 nisi
384 855 436 897 vos
451 831 627 907 succurritis,
643 830 711 892 aris.

60 941 129 1006 Nec
145 940 229 1003 dolor
246 941 295 1002 hic
311 940 390 1003 solus
406 961 414 1001 τ
436 939 501 1000 diro
515 936 648 1000 convicia
663 935 740 999 sacto

56 1044 191 1109 Tantalis
206 1046 336 1131 adjecit:
358 1065 469 1128 vosque
485 1057 530 1106 est
542 1057 719 1127 postponere
734 1041 809 1104 natis

55 1152 142 1215 Ausa
157 1152 216 1214 suis
233 1173 241 1212 t
265 1164 294 1214 et
308 1172 358 1213 me
374 1149 469 1235 (quod
483 1149 512 1212 in
527 1150 622 1234 ipsam
636 1146 763 1233 recidat)
779 1148 883 1211 orbam
992 1148 1033 1207 65

54 1255 162 1336 Diria
185 1271 215 1321 et
224 1256 356 1320 exhibuit
369 1257 499 1340 linguam
514 1257 659 1319 scelerata
671 1253 847 1340 paternam?

56 1363 223 1448 Adjectura
236 1385 342 1447 preces
357 1375 421 1428 erat
434 1363 480 1425 his
494 1362 612 1425 Latona
624 1362 743 1427 relatis:

58 1467 213 1546 ‘Desine’
229 1468 365 1532 Phoebus
378 1469 427 1544 ait,
444 1469 573 1551 ‘(poenae
588 1489 673 1530 mora
686 1465 788 1549 longa)
805 1465 961 1549 querelas.’

59 1573 143 1638 Dixit
158 1575 240 1637 idem
254 1574 395 1638 Phoebe:
419 1573 569 1655 celerique
584 1593 638 1655 per
653 1575 722 1634 aera
735 1571 820 1654 lapsu

58 1677 253 1764 Contigerant
266 1680 336 1743 tecti
351 1678 523 1742 Cadmeida
537 1678 663 1741 nubibus
677 1699 788 1742 arcam.
913 1734 916 1741 ,
991 1681 1033 1739 70

98 1785 213 1851 Planus
228 1797 301 1862 erat,
312 1784 429 1870 lateque
440 1797 544 1868 patens
558 1806 651 1869 prope
666 1786 776 1849 moenia
790 1806 924 1872 campus,

56 1892 200 1957 Adsiduis
214 1893 344 1976 pulsatus
360 1891 462 1976 equis;
483 1891 534 1955 ubi
547 1891 633 1955 turba
646 1905 786 1970 rotarum,

24 2002 37 2016 ⁴
58 1998 206 2085 Duraque
220 1998 385 2061 mollierant
398 1998 545 2083 subjectas
559 1998 668 2081 ungula
682 1999 793 2082 glebas.

56 2103 134 2170 Para
148 2104 188 2167 ibi
202 2106 241 2167 de
256 2118 369 2189 septem
383 2104 487 2188 genitis
501 2103 670 2188 Amphione
684 2102 774 2168 sortes

58 2209 317 2275 Conscenduutin
332 2232 434 2294 equos,
448 2208 603 2292 Tyrioque
618 2208 752 2272 rubentia
765 2207 836 2271 linco
990 2215 1031 2272 75

58 2314 163 2400 Terga
176 2329 335 2400 premunt,
357 2312 488 2398 auroque
504 2333 609 2396 graves
623 2313 814 2377 moderantur
828 2312 969 2380 habenas.

59 2418 89 2486 E
104 2422 210 2506 quibus
223 2421 368 2496 Ismenos,
385 2420 434 2503 qui
448 2419 532 2481 matri
547 2418 662 2482 sarcina
676 2419 825 2503 quondam

59 2526 162 2592 Prima
178 2549 236 2591 suae
252 2525 358 2602 suerat,
374 2525 445 2593 dum
459 2540 572 2589 certum
588 2525 679 2591 flectit
691 2527 721 2590 in
735 2529 840 2593 orbem

59 2632 282 2718 Quadrupedes
296 2653 408 2710 cursus,
424 2633 646 2718 spumantiaque
660 2656 714 2697 ora
727 2638 868 2718 coercet3

59 2738 144 2804 ‘Hei
158 2739 268 2802 mihil’
291 2739 477 2820 conclarnat3
499 2740 658 2825 medioque
673 2740 703 2803 in
717 2755 838 2825 pectore
852 2742 930 2808 fixus
989 2747 1031 2808 80

59 2844 138 2910 Tela
151 2845 236 2930 gerit,
250 2843 404 2928 frenisque
418 2866 508 2908 manu
522 2847 664 2911 moriente
678 2847 808 2912 remissis

58 2951 93 3015 ln
106 2952 184 3017 latras
198 2972 217 3015 a
231 2950 336 3015 dextro
350 2935 492 3036 paulatim
507 2951 610 3015 defluit
624 2974 718 3016 armo.

59 3053 231 3135 Proximus,
246 3057 345 3122 audito
360 3057 455 3120 sonitu
468 3078 523 3141 per
536 3058 623 3120 inane
637 3059 791 3143 pharetra,

57 3160 166 3228 Fraena
180 3164 269 3228 dabat
284 3163 425 3249 Sipylus:
446 3161 536 3226 veluti
550 3163 619 3227 ciun
633 3167 774 3248 praescius
785 3167 886 3234 imbris

58 3268 148 3335 Nube
162 3268 316 3354 fugitvish,
330 3270 548 3354 pendentiaque
561 3271 692 3356 undique
705 3287 803 3338 rector
985 3282 1026 3346 85

60 3374 194 3442 Carbasa
208 3376 339 3454 deducit,
353 3399 391 3441 ne
406 3376 466 3461 qui
478 3376 551 3441 levis
565 3376 669 3471 effluat„
679 3399 761 3444 aura.
806 3446 808 3451 ,

58 3478 163 3547 Fraena
177 3483 275 3547 dabat.
319 3482 451 3547 Dantem
464 3504 523 3549 non
538 3484 673 3548 evitabile
686 3486 778 3552 telum

10 3636 12 3661 ;
58 3584 273 3674 consequier:
296 3587 470 3673 summique
484 3603 615 3656 tremens
628 3593 748 3663 cervice
762 3594 874 3683 sagitta
947 3674 954 3685 „

51 3688 161 3770 Heri&
180 3706 213 3756 et
223 3695 362 3759 exstabat
372 3695 490 3764 nudum
505 3699 548 3766 de
563 3716 688 3790 gutture
701 3703 836 3773 lartum.

81 3820 119 3901 ‚fe
301 3808 324 3867 ⁷
