2264 4042
389 243 480 312 NUX,
497 241 645 300 ulmeta.
980 239 1038 299 m

118 402 236 486 Irriguae
251 401 366 466 dubitur
377 424 436 466 non
449 401 520 464 mihi
534 402 634 467 sulem
645 421 740 485 aqua.

73 507 116 569 At
131 508 200 569 cum
215 523 343 571 maturas
356 508 424 571 fisso
438 528 515 571 nova
528 506 639 570 cortice
652 506 742 570 rimas

118 607 192 670 Nux
207 608 286 692 agit3
307 609 345 671 ad
360 621 459 693 partes
472 606 585 692 pertica
599 628 675 671 saeva
684 607 772 670 veuit.

72 711 194 783 Pertiea
208 713 258 783 dat
272 713 365 798 plenis
378 713 500 776 immitia
513 713 634 777 vulnera
652 713 762 790 ramia3

118 816 168 879 Ne
184 819 292 902 possim
306 818 437 905 lapidum
451 819 577 882 verbera
592 818 654 881 sola
673 816 766 901 queri.

72 918 170 984 Poma
185 924 304 1000 eadunt,
319 923 429 989 mensis
442 945 502 988 non
515 923 669 987 interdicta
683 919 842 999 secundi„

117 1025 159 1089 Et
173 1029 277 1091 condis
291 1028 393 1106 lentii,
406 1050 497 1113 parca
511 1029 627 1105 colona,
641 1048 745 1091 nuces.

73 1128 174 1208 Felix,
189 1147 304 1196 secreto
320 1155 383 1217 quae
398 1149 467 1198 nata
480 1149 525 1199 est
539 1136 625 1199 arbor
638 1134 668 1196 in
682 1154 776 1211 arvo;

118 1234 161 1299 Et
174 1238 227 1301 soli
241 1238 361 1303 domino
375 1239 453 1304 serre
467 1240 572 1304 tributa
586 1241 701 1323 potest!
1005 1238 1045 1298 70

73 1339 146 1404 Non
160 1342 312 1404 hominum
327 1344 463 1425 strepitus
477 1343 568 1417 audit,
583 1363 642 1405 non
656 1341 705 1404 illu
718 1354 869 1405 rotarum:

118 1445 151 1511 N
151 1467 189 1509 on
205 1469 223 1509 a
236 1445 334 1509 vicini
346 1447 549 1529 pulverulenta
562 1447 611 1510 viia
624 1460 679 1510 est.

72 1549 207 1628 llla'suo,
224 1571 407 1634 quacunque
420 1552 495 1626 tulit,
510 1552 582 1614 dare
597 1552 676 1614 dona
687 1552 804 1625 colono,
871 1602 875 1612 .

113 1655 162 1742 ,Et
175 1657 279 1740 plenos
293 1655 404 1720 fructus
419 1656 614 1720 adnumerare
628 1669 734 1740 potest.

74 1763 117 1826 At
130 1762 202 1824 mihi
216 1775 346 1825 maturos
359 1783 509 1846 nunquam
523 1763 592 1826 iicet
605 1761 697 1827 edere
711 1759 819 1842 foetus;
1005 1763 1046 1824 75

117 1869 197 1931 Ante
213 1868 351 1950 diemque
367 1888 441 1930 meae
453 1869 640 1934 decutiuntur
653 1889 736 1953 opes.

73 1973 203 2038 Lamina
217 1973 311 2036 mollis
326 1973 424 2036 adhue
437 1987 541 2038 tenero
555 1975 628 2039 dum
642 1976 730 2053 laete,
746 1977 826 2061 quod
840 1976 916 2040 intre
930 1989 996 2053 θεῖς

118 2080 151 2145 N
152 2103 188 2144 ec
202 2079 280 2142 mala
294 2093 360 2143 sunt
373 2080 423 2144 ulli
436 2093 538 2142 nostra
551 2079 649 2141 sutura
661 2079 741 2141 bono
754 2101 762 2138 :

75 2185 145 2249 Jam
159 2179 258 2250 tamen
272 2185 413 2258 invenias,
429 2184 478 2265 qui
493 2203 542 2244 me
552 2182 730 2266 jaculentur,
746 2194 777 2245 et
789 2181 850 2243 ictu

119 2288 322 2353 Praefestiuato
337 2309 444 2350 munus
456 2288 545 2350 inane
559 2299 672 2368 petant.
1008 2288 1049 2350 80
1070 2271 1074 2275 ⁴

78 2396 112 2461 Si
125 2397 176 2459 fiat
190 2395 274 2479 rap'ti,
288 2395 340 2456 fiat
353 2414 491 2456 mensura
505 2391 609 2467 relicti,
629 2446 634 2465 ‚

119 2501 268 2586 Majorem
284 2500 393 2564 domini
408 2512 501 2584 parte,
515 2499 617 2576 viator,
632 2499 735 2564 habes.
842 2484 851 2501 ⁸

77 2610 166 2695 Saepe
181 2608 294 2691 aliquis,
309 2604 384 2670 foliis
398 2620 431 2670 ut
443 2605 524 2669 nuda
537 2607 694 2671 cacumina
712 2605 792 2684 vidit,

120 2714 199 2778 Esse
213 2728 295 2797 putat
308 2713 415 2777 Borea
429 2713 510 2776 triste
524 2712 644 2776 furentis
664 2734 749 2797 opus.

55 2821 210 2886 ''AEstibus
224 2821 282 2896 hie,
298 2821 351 2896 hic,
360 2841 410 2881 me
425 2819 576 2901 spoliatam
591 2817 698 2902 frigore
712 2820 826 2883 eredit:
1007 2821 1048 2882 85

122 2925 180 3008 Est
194 2946 322 3009 qnoque,
339 2924 386 3008 qui
401 2923 512 2988 crimen
528 2925 676 3008 grandinis
690 2946 757 2988 ease
771 2938 863 3008 putet

77 3033 121 3096 At
135 3032 205 3094 mihi
220 3053 276 3094 nec
292 3031 414 3114 grando,
429 3030 508 3092 duris
522 3030 615 3092 invisa
628 3029 769 3104 colonis„

122 3138 191 3200 Nec
206 3150 308 3200 ventus
323 3134 428 3209 fraudi,
440 3133 530 3207 solve,
546 3134 651 3216 geiuve
667 3131 729 3196 fuit.

79 3243 208 3307 Fructus
221 3242 323 3306 obest:
344 3239 496 3326 peperisse
510 3252 619 3302 nocet:
640 3253 727 3304 nocet
741 3261 808 3304 esse
823 3239 974 3307 feracem:

29 3385 31 3392 >
124 3348 260 3431 Quaeque
275 3346 328 3410 fuit
341 3347 448 3422 multis,
463 3345 577 3408 etmihi
592 3346 692 3430 prada
705 3347 784 3410 maio
797 3360 852 3410 est.
1006 3353 1047 3416 90

81 3453 189 3516 Praeda
202 3453 290 3527 maio,
301 3450 466 3534 ⁴Polydore,
481 3451 534 3515 suit
547 3451 616 3514 tibi:
638 3452 737 3536 praeda
750 3452 883 3519 nefanda

126 3556 268 3644 Conjugis
282 3556 411 3620 Aonium
426 3559 502 3621 misit
515 3559 545 3621 iu
560 3579 641 3621 arma
654 3559 759 3623 virum.

75 3661 219 3743 Hesperii
230 3663 309 3746 regis
321 3665 458 3749 pomaria
472 3680 535 3732 tuta
551 3665 697 3734 fuissent:

107 3763 174 3827 Una
189 3769 249 3832 sed
261 3769 432 3842 immensas
447 3777 544 3845 arbor
559 3780 706 3844 habebat
720 3797 814 3861 ouen.
