2264 4042
463 263 579 321 LIBER
596 263 633 319 11.

70 428 148 494 Non
164 426 332 490 auditurum
346 424 472 488 miseras
487 422 673 486 Phaethonta
688 419 825 505 querelas

69 533 174 599 Nocte
189 532 296 616 dieque
311 545 439 594 vocant:
462 529 723 610 adsternunturque
737 525 883 610 sepulcro.

69 636 164 701 Luna
178 649 280 720 quater
289 632 399 719 junctis
412 631 548 716 implerat
561 630 698 694 cornibus
711 629 815 693 orbem
828 651 837 690 ε

70 741 133 805 111ae
148 761 232 803 more
247 761 301 802 suo
317 736 401 824 (nam
416 757 531 801 morem
545 731 755 818 feceramus)

71 849 254 933 Plangorem
271 847 425 910 dederant.
470 842 500 907 Ε
516 844 580 929 quis
595 842 767 907 Phaethusa
781 860 915 907 sororum
986 845 1049 905 345

71 953 221 1030 Maxima,
236 951 306 1016 ciam
321 953 409 1014 vellet
422 965 506 1015 terrae
520 950 728 1035 procumbere,
744 961 847 1033 questa
861 961 906 1012 est

59 1055 238 1140 'Diriguisse
249 1054 365 1139 pedes:
388 1054 426 1118 ed
441 1076 530 1139 quam
544 1067 651 1117 conata
664 1052 764 1116 venire

73 1159 214 1226 Candida
227 1159 396 1245 Lampetie,
412 1159 508 1225 subitis
520 1159 622 1223 radice
636 1172 751 1222 retenta
764 1170 819 1222 est.

72 1264 188 1342 Tertia,
203 1266 274 1329 oium
288 1265 401 1329 ennom
415 1266 550 1329 manibus
563 1265 673 1328 laniare
687 1276 816 1348 pararet,

72 1373 182 1437 Avellit
195 1371 325 1437 frondes.
370 1371 448 1436 Haeo
464 1372 560 1456 stipite
574 1392 661 1436 crura
675 1369 780 1448 teneri,
803 1394 809 1406 ·
985 1371 1050 1432 350

70 1476 123 1542 illa
137 1478 220 1542 dolet
233 1478 297 1541 fieri
310 1478 413 1562 longos
427 1499 482 1541 sua
494 1477 616 1541 brachia
629 1496 739 1540 ramos.

75 1579 158 1656 Quid
171 1579 261 1644 saciat
275 1577 395 1642 mater?
418 1579 483 1654 nisi,
499 1578 558 1663 quo
572 1579 668 1640 trahat
681 1577 810 1662 impetus
822 1577 912 1657 iilam,

74 1682 146 1751 Huo
160 1699 219 1762 eat,
236 1697 324 1769 atque
339 1680 430 1747 ilina?
453 1697 493 1760 et,
509 1683 581 1746 dum
595 1684 674 1762 licet,
688 1684 790 1748 oscula
798 1682 927 1770 jungat?

75 1788 144 1854 Non
159 1789 228 1859 satis
243 1804 298 1854 est.
342 1787 472 1853 Trunois
486 1788 613 1853 avellere
628 1809 753 1872 corpora
766 1785 879 1870 tentat;

76 1892 117 1959 Et
129 1909 250 1959 teneros
264 1896 399 1960 manibus
413 1916 512 1959 ramos
528 1897 725 1979 abrumpere:
748 1895 861 1959 atinde
984 1898 1047 1959 355

76 1998 251 2084 Sanguineae
266 2015 395 2078 manant,
409 2015 550 2085 tanquam
564 2001 604 2064 de
618 2000 751 2076 vulnere,
766 2014 864 2083 gutte.

75 2102 202 2181 ‘Paroa
217 2127 333 2190 preoor,
347 2106 471 2182 mater‚’
486 2126 671 2190 quecunque
686 2119 731 2168 est
745 2106 856 2181 saucia,
870 2103 1000 2168 elamat:

75 2208 203 2287 ‘Parum
217 2232 346 2296 precor:
368 2224 501 2274 nostrum
514 2209 677 2273 laniatmin
693 2210 798 2272 arbore
812 2228 932 2291 eorpus.

74 2311 202 2400 Jamque
216 2316 303 2379 vale.'
348 2313 464 2378 Cortex
478 2315 509 2376 in
522 2314 615 2376 verba
628 2313 786 2376 novissima
798 2312 888 2375 venit.

56 2425 59 2433 “
74 2417 148 2487 Inde
162 2419 257 2484 fluunt
270 2420 429 2503 iacrymas:
452 2418 613 2502 stillataque
629 2418 691 2481 sole
704 2417 853 2501 rigescunt
986 2417 1050 2480 360

74 2523 123 2590 De
137 2525 228 2596 ramis
241 2525 353 2588 electra
366 2523 468 2587 novis:
489 2545 554 2609 quae
569 2522 684 2588 lucidus
699 2524 793 2588 amnis

45 2639 53 2658 ·’
75 2628 207 2718 Excipit,
222 2644 252 2695 et
265 2629 385 2697 nuribus
398 2629 485 2696 mittit
498 2629 641 2714 gestanda
655 2628 779 2698 Latinis.

426 2897 562 2940 INVIDIAE
585 2896 706 2940 DOMUS.
756 2854 772 2879 u·

498 3108 529 3150 v.
554 3091 627 3153 760.

74 3238 215 3304 Protinus
228 3236 358 3316 Invidiae,
373 3237 456 3321 nigro
470 3235 643 3321 squallentia
656 3232 734 3312 tabo,

72 3342 173 3410 Tecta
186 3345 268 3431 petit.
313 3343 432 3408 Domus
446 3357 492 3407 est
504 3343 571 3406 imis
584 3343 614 3406 in
628 3341 748 3408 vallibus
763 3345 837 3409 antri

72 3451 196 3529 Abdita,
211 3450 403 3529 soluentem,
418 3472 477 3514 non
492 3450 541 3513 ulli
555 3449 657 3534 pervia
670 3464 758 3516 vento
773 3473 783 3531 ;
987 3456 1049 3516 365

72 3556 191 3634 Tristis,
207 3570 238 3620 et
251 3556 348 3640 ignavi
360 3556 529 3641 plenissima
542 3553 675 3640 frigoris3
695 3569 727 3623 et
740 3578 805 3641 quo
867 3594 869 3598 ·

73 3658 146 3748 Igne
161 3674 249 3753 vaoet
262 3681 392 3746 semper,
407 3660 531 3745 caligine
547 3681 666 3747 semper
679 3659 819 3726 abundet.
