2264 4042
500 244 616 305 mana
634 243 684 301 lv,

98 412 234 476 Arboris.
279 408 377 473 Arbor
391 406 441 485 ibi,
455 406 550 471 niveis
564 402 713 469 uberrima
725 400 832 487 pomis,

98 516 207 582 Ardua
220 537 331 592 morus,
346 527 420 592 erat,
435 512 536 597 gelido
549 508 732 617 conmrmina
742 504 824 571 fonti.

98 620 197 686 Pacta
212 620 330 706 placent
342 641 351 680 t
372 633 403 683 et
416 619 480 694 lux,
494 615 578 681 tarde
594 614 744 679 decedere
758 612 831 689 visa,

98 725 305 811 Pracipitatur
320 724 414 809 aquis,
428 736 459 787 et
470 722 555 806 aquis
569 742 631 784 nox
645 718 737 803 surgit
747 718 784 783 ab
798 716 905 781 isdem.

145 829 263 896 Callida
273 851 328 915 per
342 830 491 905 tenebras,
506 840 623 891 versam
637 823 768 900 cardine,
782 821 896 885 Thisbe

98 934 273 1021 Egreditur,
288 932 419 1019 fallitque
434 955 521 998 suos:
544 932 747 1017 adopertaque
761 928 875 991 vultum

58 1077 61 1081 ·
98 1047 246 1112 Pervenit
259 1048 298 1112 ad
312 1047 457 1111 tumulum
469 1068 479 1126 3
501 1044 641 1129 dictique
656 1043 711 1107 sub
726 1042 832 1105 arbore
847 1041 932 1105 sedit.

97 1152 259 1216 Audacem
273 1150 400 1216 faciebat
414 1172 508 1214 arnor.
552 1147 643 1213 Venit
656 1170 731 1213 ecce
749 1147 862 1210 recenti

98 1255 196 1322 Caede
210 1255 304 1321 leena
317 1258 409 1322 boum
424 1269 600 1341 spumantes·
609 1255 699 1319 oblim
712 1253 813 1330 rictam,

97 1360 282 1447 Depositum
296 1362 373 1427 sitim
386 1361 475 1425 vicird
488 1359 579 1425 fontis
587 1360 618 1423 in
633 1359 723 1423 mut.

98 1462 204 1541 Quam
215 1468 323 1552 mucul
335 1467 374 1531 ad
388 1467 464 1530 lune
478 1465 577 1530 radios
590 1463 757 1548 Babylonia
770 1463 887 1528 Thisbe

98 1568 201 1636 Vadit:
223 1585 256 1635 et
267 1572 431 1636 cbscrnum
443 1571 563 1653 trepido
576 1569 657 1653 pede
671 1567 744 1651 ugit
756 1567 788 1631 in
801 1581 928 1632 annum.

10 1696 13 1733 =
98 1673 245 1762 Dumque
259 1674 342 1760 tingit,
352 1689 436 1759 tergo
449 1674 597 1738 velamina
609 1673 693 1758 lapsa
706 1673 852 1759 relinquit

97 1776 145 1845 Ut
157 1779 205 1845 lea
217 1802 298 1846 aava
312 1781 389 1846 sitim
402 1778 498 1844 multi
509 1779 695 1866 compescuit
708 1779 800 1859 nudi,

98 1882 186 1951 Dum
200 1885 278 1950 redit
291 1886 322 1950 in
336 1887 434 1964 silvas,
443 1886 579 1950 inventos
591 1884 668 1950 forte
683 1885 748 1950 sine
761 1885 831 1972 ipsit

99 1988 166 2055 Ore
180 2004 333 2056 cruentata
345 2006 451 2056 tenues
464 1991 581 2055 laniavit
595 1991 732 2055 amictus.

146 2095 281 2163 Seriitse
383 2097 736 2182 evestigiaviditinelto
967 2133 969 2137 ·

98 2200 232 2268 Pulvere
245 2114 418 2377 sere,
431 2219 554 2290 totoque
568 2204 776 2289 expalluitore
1034 2205 1076 2266 35

99 2305 260 2394 Pyramus.
335 2326 348 2376 t
360 2311 434 2377 verti
447 2325 562 2375 vestem
578 2330 697 2394 quoque
711 2307 853 2392 sanguine
864 2306 986 2372 tinctam

98 2407 251 2496 Reperit3
272 2409 362 2476 ‘Una
378 2412 454 2475 duos
466 2431 539 2487 nox,
551 2410 560 2441 ’
573 2409 677 2494 inquit,
692 2409 819 2496 ‘perdet
832 2422 987 2475 amantes:

100 2512 133 2580 E
147 2516 253 2604 quibus
265 2517 315 2581 illa
329 2515 385 2581 fuit
396 2514 486 2602 longi
498 2515 669 2602 dignissima
681 2516 761 2582 vita:

100 2617 214 2687 Nostra
226 2643 339 2687 noceas
352 2622 451 2687 muna
464 2636 520 2687 est.
564 2621 634 2708 Ego
644 2637 685 2701 te,
700 2621 879 2701 miseranda,
893 2622 1018 2709 peremi,

99 2725 136 2792 ln
151 2727 219 2793 loca
232 2729 320 2813 plena
333 2729 431 2794 metris
444 2731 497 2815 qui
504 2730 578 2816 jussi
592 2744 680 2795 nocte
695 2730 833 2795 venires:
1032 2731 1076 2791 40

101 2832 172 2897 Nec
183 2833 262 2917 prior
275 2833 335 2898 huc
349 2835 427 2898 veni.
474 2835 618 2899 Nostrum
633 2835 761 2899 divellite
775 2855 894 2919 corpus,
971 2850 980 2857 “

103 2935 147 3002 Et
160 2939 308 3004 scelerata
322 2938 386 3004 sero
401 2942 564 3004 consumite
579 2941 693 3004 viscera
708 2962 819 3017 morsu,

102 3042 134 3106 0
148 3044 316 3128 quicunqne
332 3046 386 3109 sub
397 3044 455 3109 hic
469 3044 605 3109 habitatis
619 3066 704 3129 rupe,
718 3045 842 3108 leones?

103 3145 167 3210 Sed
181 3148 273 3212 timidi
289 3163 334 3213 cst
348 3165 451 3234 optare
465 3170 584 3212 necem.
629 3147 789 3213 Velamina
802 3147 933 3214 Thisbes

100 3251 203 3332 Tollit,
217 3267 249 3318 et
263 3255 301 3318 ad
315 3268 409 3340 pacta
424 3276 528 3319 secum
539 3252 595 3318 sert
609 3254 721 3320 arboris
734 3254 881 3320 umbram.
1034 3262 1076 3320 45

99 3355 202 3443 thue
217 3359 300 3424 dedit
311 3374 388 3424 notae
403 3361 562 3444 lacrymae,
577 3361 660 3424 dedit
673 3361 776 3426 oscula
790 3363 882 3427 vesti:

100 3463 238 3548 ‘Accipe
252 3465 361 3542 nunc‚’
375 3465 477 3550 inquit,
494 3466 603 3531 ‘nostri
619 3487 738 3552 quoque
753 3469 902 3553 sanguinis
915 3468 1055 3535 haustus:
1068 3470 1076 3498 ’

101 3566 233 3654 Quoque
249 3584 313 3635 erat
326 3572 485 3649 accinctus,
501 3573 627 3637 demittit
640 3573 670 3637 in
684 3574 732 3638 ilia
747 3572 869 3639 serrum.

103 3671 170 3738 Nec
181 3695 265 3740 mora
277 3697 287 3757 3
309 3674 433 3741 ferventi
447 3678 577 3743 monens
591 3701 609 3744 e
623 3680 745 3744 minere
759 3681 859 3744 traxit.
