2264 4042
559 116 582 153 a·

115 294 176 359 126
408 288 783 347 METAMORPHOSEON

112 446 161 512 Ire
174 467 227 532 per
242 445 394 522 excubias,
410 460 485 509 etse
501 447 684 510 committere
699 445 801 511 nocti?

112 550 233 636 Perque
247 549 327 615 feros
341 571 437 627 enses,
452 574 510 615 non
525 553 638 616 tantbrn
652 553 762 616 moenia
776 551 904 627 Troum,

112 654 227 719 Verum
242 656 331 719 etiam
345 676 475 720 summas
491 678 575 741 arces
589 656 706 734 intrare,
722 656 835 739 subque

115 758 241 844 Eripere
256 761 320 824 aede
334 761 434 838 deam,
448 776 619 845 raptamque
634 762 741 825 efferre
754 782 807 844 per
820 757 942 823 hostes?
1023 762 1079 821 345

114 862 191 939 Quae
206 865 259 928 nisi
274 863 422 943 fecissem,
434 865 539 930 frustra
551 865 718 929 Telamone
733 879 848 928 creatus

116 966 269 1032 Gesnsset
282 970 355 1033 laevb
372 986 521 1034 taurorum
535 985 651 1053 tergora
665 983 790 1053 septem.

114 1070 169 1135 Ille
181 1088 268 1137 nocte
283 1075 353 1136 mihi
368 1074 468 1159 Trojae
483 1073 603 1136 victoria
617 1088 699 1156 parta
714 1087 779 1135 est:

115 1175 264 1262 Pergama
276 1191 338 1240 tum
352 1178 419 1255 vici,
434 1178 503 1239 crim
518 1178 593 1240 vinci
612 1199 699 1261 posse
716 1178 812 1260 coegi.

157 1276 271 1344 Desine
282 1280 422 1364 Tydiden
437 1283 574 1366 vultuque
589 1296 619 1345 et
632 1303 781 1343 murmure
796 1283 879 1344 nobis
1021 1285 1081 1343 350

115 1384 273 1448 Ostentare
288 1407 388 1448 meum
403 1409 411 1447 τ
431 1406 499 1469 pars
514 1401 558 1449 est
573 1374 627 1449 sua*
640 1386 734 1448 laudis
748 1386 777 1447 in
791 1385 858 1448 illis.

115 1488 184 1553 Nee
197 1503 240 1566 tu,
256 1491 326 1554 cirrn
340 1489 421 1554 sociis
434 1491 573 1574 clypeum
587 1512 640 1574 pro
655 1491 748 1552 classe
763 1489 898 1565 tenebas,

116 1592 204 1657 Solus
219 1616 304 1658 eras:
325 1596 376 1658 tibi
390 1596 474 1657 turba
488 1616 600 1670 comes,
616 1594 685 1655 mihi
700 1593 819 1676 contigit
832 1614 919 1655 unus.

115 1695 187 1773 Qui,
202 1699 255 1761 nisi
269 1718 435 1780 pugnacem
451 1697 539 1758 sciret
553 1698 682 1777 sapiente
697 1698 840 1757 minorem

114 1797 203 1873 Esse,
218 1821 274 1861 nec
288 1800 434 1859 indomitae
450 1798 552 1859 deberi
572 1797 691 1880 praemia
706 1799 828 1873 dextra,
1018 1804 1080 1863 355

114 1900 181 1985 lpse
197 1922 313 1984 quoque
324 1902 389 1963 baec
403 1913 537 1982 peteret:
558 1913 673 1983 peteret
686 1900 864 1964 moderatior
880 1903 970 1987 Ajax,

115 2004 343 2089 Eurypylusque
358 2004 453 2080 ferox,
469 2004 607 2086 claroque
623 2005 813 2067 Andremone
828 2021 935 2069 natus:

113 2108 183 2174 Nee
198 2111 294 2174 mimis
308 2111 497 2185 Idomeneus,
512 2108 663 2194 patriisque
679 2123 795 2172 creatus
809 2109 917 2172 eadem

114 2214 286 2280 Meriones:
308 2230 422 2300 peteret
436 2214 554 2299 majoris
569 2214 657 2278 frater
670 2215 792 2277 Atridae.

113 2321 235 2405 Quippe
249 2343 338 2383 manu
354 2321 443 2401 sortes
459 2319 529 2402 (nec
544 2333 611 2383 sunt
624 2320 674 2382 tibi
688 2319 785 2382 Marte
801 2321 937 2406 secundi)
1021 2327 1081 2387 360

113 2425 251 2488 Consiliis
265 2425 383 2487 cessere
398 2426 482 2488 meis.
526 2425 596 2488 Tibi
613 2427 735 2488 dextera
750 2425 827 2488 bello

112 2528 221 2609 Utilis3
243 2530 390 2610 ingenium
405 2542 458 2603 est,
475 2531 553 2610 quod
568 2543 636 2610 eget
650 2530 849 2593 moderamine
864 2533 964 2595 nostri.

112 2630 164 2694 Tu
179 2633 254 2694 vires
268 2633 330 2694 sine
345 2645 444 2693 mente
458 2631 556 2713 geris:
578 2622 648 2692 inihi
663 2653 735 2693 cura
749 2631 836 2696 futuri
851 2649 906 2698 est.

111 2732 164 2795 Tu
177 2753 308 2816 pugnare
324 2747 427 2814 potes:
448 2732 596 2815 pugnandi
610 2745 744 2814 tempora
757 2754 878 2797 mecum

112 2834 203 2920 Eligit
217 2836 356 2899 Atrides:
378 2849 409 2898 tu
422 2836 534 2898 tantum
548 2857 671 2919 corpore
686 2837 812 2919 prodes3
1018 2846 1078 2905 365

110 2940 178 3007 Nos
193 2942 310 3005 animo:
333 2955 498 3026 quantoque
512 2954 606 3005 ratem
621 2942 669 3026 qni
684 2956 838 3025 temperat,
854 2944 942 3007 anteit

112 3044 248 3131 Remigis
262 3046 411 3127 officinm3
434 3060 541 3130 quanto
557 3046 618 3109 dux
633 3047 722 3109 milite
737 3047 849 3131 major;

111 3151 211 3215 Tanto
226 3172 283 3234 ego
296 3165 326 3213 te
341 3173 457 3234 supero.
502 3150 535 3214 N
536 3173 571 3214 ec
585 3172 644 3213 non
658 3151 688 3212 in
701 3171 825 3233 corpore
839 3167 940 3215 nostro

112 3252 241 3319 Pectora
255 3267 321 3317 sunt
333 3255 446 3336 potiora
460 3276 568 3317 manu:
588 3255 669 3336 vigor
684 3253 815 3315 omnisin
830 3253 894 3319 illis.

60 3401 62 3406 -
153 3359 196 3421 At
208 3380 270 3434 vos,
285 3379 304 3420 o
317 3378 466 3442 proceres,
481 3358 559 3440 vigili
574 3358 641 3420 date
656 3355 776 3439 praemia
790 3372 908 3442 vestr03
1016 3368 1077 3428 87⁰

114 3461 235 3547 Proque
249 3475 291 3525 tot
306 3483 447 3526 annorum
472 3462 553 3539 corb,
569 3482 643 3545 quos
658 3461 761 3525 anxius
776 3465 833 3547 egi,

114 3567 206 3633 Hunc
220 3567 334 3630 titulum
348 3567 458 3630 meritis
473 3565 656 3659 pensandum
670 3567 784 3632 reddite
798 3571 913 3636 nostris.

110 3671 183 3740 Jarn
191 3672 273 3739 labor
286 3671 317 3738 in
330 3671 389 3737 line
404 3683 466 3739 est:
487 3669 629 3737 obstantia
642 3668 702 3738 fata
715 3675 825 3738 removi
838 3697 846 3736 :
