2264 4042
429 243 615 303 ermom
634 243 711 301 xm.

84 401 143 468 His
157 425 214 488 ego
227 418 257 466 te
272 404 387 480 vietam,
400 423 523 467 consors
533 401 650 479 Ledoee
663 397 806 485 gemellis,

130 508 288 592 Suspicor:
313 509 381 571 haee
395 506 510 571 Danais
525 528 611 590 posse
624 527 733 571 nocere
747 521 829 589 puto.

83 609 220 678 Hectora
232 613 331 678 nescio
345 633 435 698 quem
448 613 548 677 timeo.
593 608 676 675 Puris
690 609 823 674 Hectora
838 608 912 671 dixit

130 716 242 782 Ferrea
256 717 416 802 sanguinei
429 717 507 781 bella
520 737 642 781 movere
655 736 756 779 manu.

84 820 227 899 Hectora,
243 824 372 907 quisquis
384 825 410 888 is
423 837 478 899 est,
493 822 517 887 si
531 844 598 886 sum
612 821 663 884 tibi
677 842 756 897 cere,
768 834 882 886 caveto.

129 926 281 1011 Signatum
296 928 420 990 memori
434 941 554 1012 pectore
568 948 677 990 nomen
695 926 783 990 habe.

85 1028 176 1095 Hune
190 1034 240 1096 ubi
255 1031 362 1110 vitieris,
379 1034 450 1096 aiios
463 1033 553 1096 vitare
567 1045 737 1095 memento:

127 1134 171 1200 Et
182 1139 289 1202 multos
303 1139 360 1202 illic
376 1137 523 1202 Hectores
537 1159 603 1201 esse
617 1151 697 1223 pute.

82 1239 125 1304 Et
138 1238 225 1306 facito
240 1244 329 1321 dices,
345 1244 457 1328 quoties
471 1265 602 1328 pugnare
617 1243 743 1327 parabi&

68 1354 73 1365 '
127 1346 278 1412 ‘Parcere
293 1371 343 1411 me
363 1349 449 1433 jussit
461 1347 629 1411 Laodamia
642 1347 725 1410 sibi-⁹·

82 1450 116 1516 si
130 1454 239 1516 cadere
256 1452 393 1536 Argolico
406 1450 452 1515 see
465 1464 510 1515 ert
522 1453 577 1517 rub
592 1452 680 1515 milite
699 1451 822 1536 ijam
835 1475 845 1532 3

124 1556 175 1619 Te
191 1577 309 1640 quoque
323 1578 382 1618 non
395 1557 488 1618 ullum
501 1557 605 1617 vulnus
618 1557 746 1618 habente
760 1554 859 1618 cadet.

81 1658 209 1743 Pugnet,
225 1674 255 1722 et
269 1661 408 1723 adversos
421 1659 522 1749 tetrdat
534 1656 689 1723 Menelaiis
703 1659 733 1721 in
750 1659 867 1724 hostes:

125 1762 169 1826 Ut
182 1764 275 1847 rapiat
288 1762 400 1840 Paridi,
415 1784 503 1847 quem
518 1762 605 1827 Paris
619 1763 685 1827 ente
701 1763 765 1828 sibi.

79 1869 195 1947 lrruat3
210 1883 241 1932 et
253 1868 344 1951 eaesi
357 1888 447 1954 quern
461 1869 559 1946 vincit,
575 1869 671 1933 vincat
683 1883 714 1934 et
728 1870 826 1934 armis.

124 1973 265 2039 Hostibus
280 1997 297 2037 e
312 1974 417 2040 mediis
430 1988 520 2059 nupta
535 1975 664 2060 petenda
673 1976 736 2040 viro
751 1989 807 2041 eet.

80 2077 184 2143 Caura
197 2093 248 2142 tua
262 2093 306 2143 est
320 2079 429 2165 disper.
473 2078 525 2142 Tu
538 2080 652 2143 tantem
665 2080 764 2142 vivere
775 2100 884 2163 pugna,

32 2228 41 2235 -
121 2183 215 2268 inque
228 2185 293 2268 pios
307 2185 431 2248 dominae
446 2204 533 2267 posse
547 2184 645 2246 redire
660 2183 749 2246 sinus.

79 2286 208 2366 Parcite,
223 2287 418 2371 Dardanide,
434 2287 472 2350 de
486 2299 528 2351 tot
544 2285 677 2371 (precor)
689 2286 821 2351 hostibus
835 2289 904 2351 uni:

121 2392 171 2455 Ne
186 2414 271 2456 meus
286 2414 325 2454 ex
338 2392 387 2455 illo
401 2412 525 2475 corpore
539 2392 657 2475 sanguis
670 2403 728 2454 eat.

77 2495 111 2559 N
112 2518 168 2559 une
182 2496 295 2575 sateor;
307 2495 385 2558 volui
399 2505 561 2575 revocere3
576 2495 748 2582 animusque
763 2494 896 2577 serebat3

123 2600 254 2664 Sub'stitit
268 2601 388 2685 auspicii
402 2600 499 2684 lingua
512 2602 617 2666 timore
631 2602 712 2667 meli.
764 2642 775 2655 ε

73 2704 159 2770 Girm
172 2705 280 2770 soribus
293 2706 383 2770 velles
396 2706 434 2769 ed
448 2705 572 2792 Trojem
586 2708 669 2771 exire
691 2709 828 2792 paternis,

120 2809 182 2874 Pes
195 2824 263 2874 tuus
275 2811 389 2875 offenso
401 2811 500 2874 limine
515 2813 596 2897 signa
610 2813 701 2876 dedit.

74 2912 118 2978 Ut
131 2915 200 2990 vidi,
215 2928 248 2978 ut
267 2916 387 2998 gemui3
405 2916 550 3001 tacitoque
565 2918 594 2979 in
608 2931 728 3002 pectore
743 2917 826 2981 dixi'r

119 3019 232 3102 ‘Signa
246 3021 388 3084 reversuri
404 3021 469 3098 sint,
483 3043 600 3104 precor,
614 3023 668 3084 ista
687 3022 761 3084 viri.’

74 3121 158 3186 Haee
171 3124 222 3185 tibi
235 3145 312 3187 nunc
323 3122 430 3199 resero,
444 3145 481 3187 ne
496 3126 535 3187 sis
550 3124 695 3188 animosus
708 3126 738 3188 in
753 3127 859 3191 armis:

117 3226 182 3290 Fac
196 3248 280 3291 meus
294 3228 322 3291 in
337 3241 437 3292 ventos
451 3227 499 3289 hie
513 3228 600 3290 timor
613 3231 708 3294 omnis
722 3244 779 3294 eat.

74 3330 148 3396 Sors
162 3352 278 3415 quoque
292 3333 393 3397 neseio
408 3354 496 3418 quem
510 3331 570 3396 sato
581 3332 713 3418 designat
726 3335 834 3419 iniquo,

116 3432 179 3510 Qui
193 3437 304 3521 primus
317 3437 456 3501 Danarim
469 3438 592 3502 Troada
606 3452 704 3523 tangat
716 3440 850 3505 humum.

71 3537 188 3618 Infelix,
203 3562 266 3624 quae
281 3542 375 3626 prima
388 3543 481 3606 virum
494 3543 604 3627 lugebit
618 3544 808 3631 ademptum!

112 3641 285 3724 etfaciam,
300 3669 340 3711 ne
355 3660 386 3712 tu
400 3660 538 3718 strenuus
552 3672 620 3719 esse
632 3650 731 3721 varst

314 3758 355 3818 15
