2264 4042
127 257 189 317 132
413 248 789 306 METAMORPHOSEON

125 406 278 490 Factaque
292 404 440 469 'llueiciis
453 406 581 489 ingentia
597 405 717 469 vulnera
731 407 805 469 telis.

122 511 260 574 Troades
274 512 461 573 exclamant:
483 510 627 572 obmutuit
640 510 689 573 illa
703 509 804 571 dolore
817 532 827 588 ;

121 613 163 678 Et
176 616 282 697 pariter
297 635 412 690 vocem,
427 614 635 697 lacrymasque
645 615 786 678 introrsus
800 614 922 678 obortas

121 717 255 782 Devorat
268 719 329 802 ipse
345 718 428 781 dolor
444 740 452 778 ε
474 718 607 800 duroque
623 719 767 783 simillima
781 739 855 781 saxo

119 821 255 906 Torpet:
278 837 308 885 et
322 821 448 886 adversa
460 823 522 905 figit
535 822 626 885 modd
641 824 750 885 lumina
764 822 841 885 terra
853 845 864 901 3

118 926 269 989 Interdum
283 942 381 991 torvos
395 928 517 991 sustollit
530 926 568 989 ad
584 928 692 990 aethera
706 929 821 990 vultus:
1031 933 1087 995 535

120 1030 210 1094 Nunc
224 1032 309 1114 positi
323 1045 437 1115 spectat
449 1033 571 1106 vultum,
586 1053 664 1092 nunc
679 1033 809 1108 vulnera,
825 1032 893 1108 nati,

117 1133 250 1198 Vulnera
264 1135 429 1219 precipue:
452 1156 543 1217 seque
559 1148 651 1197 armat
665 1149 695 1197 et
711 1136 823 1198 instruit
836 1135 889 1198 ira.

116 1240 189 1314 Qua
202 1240 287 1302 simul
301 1239 418 1313 exarsit,
433 1251 571 1321 tanquam
585 1239 686 1320 regina
700 1254 842 1316 maneret,

115 1344 226 1408 lchisci
241 1344 358 1422 statuit;
379 1365 532 1426 poenaeque
547 1343 576 1404 in
591 1343 716 1425 imagine
730 1356 790 1406 tota
805 1359 859 1408 est.

112 1448 212 1532 thue
228 1447 295 1512 furit
309 1449 406 1510 catulo
420 1449 546 1510 lactente
561 1448 662 1509 orbata
673 1449 776 1523 leaena,
1021 1456 1082 1514 540

113 1552 262 1636 Signaque
276 1567 364 1615 nacta
377 1553 498 1634 pedum,
514 1552 653 1635 sequitur,
669 1573 758 1635 quem
769 1575 827 1615 non
841 1554 932 1630 videt,
946 1554 1081 1619 hostem:

113 1657 165 1719 Sic
181 1656 318 1732 Hecube,
334 1671 487 1739 postquam
499 1679 569 1718 cum
583 1657 662 1720 luctu
677 1653 793 1720 miscuit
805 1658 887 1734 iram,

112 1759 182 1821 Non
197 1760 285 1821 oblita
299 1760 470 1833 animorum,
487 1782 628 1822 annorum
642 1762 729 1822 oblita
745 1783 874 1838 suorum,

107 1859 198 1922 Vadit
212 1861 250 1922 ad
262 1861 403 1922 artificem
418 1863 485 1922 dirae
501 1861 705 1944 Polymestore
719 1865 808 1926 caedis
825 1888 833 1926 ε

108 1963 354 2048 Colloquiumque
369 1965 461 2046 petit:
482 1987 551 2027 narn
566 1987 597 2028 se
612 1980 773 2029 monstrare
789 1970 923 2033 relictum
1012 1978 1078 2038 545

105 2066 192 2130 Velle
203 2069 296 2130 latens
310 2068 358 2144 illi,
375 2069 453 2150 quod
463 2083 532 2132 nato
547 2070 694 2146 redderet,
710 2093 823 2133 aurum.

104 2172 241 2236 Credidit
255 2172 417 2257 Odrysius:
439 2175 603 2256 praedaeque
619 2175 757 2238 adsuetus
769 2199 869 2239 amore

103 2277 138 2340 ln
153 2292 267 2341 secreta
279 2278 378 2340 venit:
401 2300 470 2340 curn
484 2279 592 2342 blando
606 2280 728 2343 callidus
742 2303 803 2358 ore,
818 2337 823 2345 .

103 2381 208 2444 ‘Tolle
223 2403 329 2456 moras,
348 2381 495 2458 Hecube‚’
512 2384 605 2446 dixit:
629 2384 688 2447 ‘da
702 2407 824 2448 munera
838 2402 916 2449 nato.

100 2485 199 2548 Omne
213 2485 275 2547 fore
290 2485 364 2546 illius
375 2486 454 2566 quod
470 2488 531 2560 das,
548 2490 626 2568 quod
642 2504 671 2550 ct
685 2490 751 2552 ante
767 2491 881 2565 dedisti,
1005 2498 1067 2557 550

99 2589 161 2650 Per
176 2610 296 2668 superos
305 2587 394 2670 juro!
439 2587 560 2668 Spectat
574 2591 735 2652 truculenta
748 2595 928 2676 loquentem,

98 2691 246 2772 Falsaque
261 2690 430 2772 jurantem:
452 2690 621 2774 tumidique
638 2709 780 2758 exaestuat
793 2699 857 2778 ird3

95 2797 194 2878 Atque
209 2795 248 2856 ita
262 2806 428 2876 correptum
443 2795 622 2875 captivarum
637 2800 751 2880 agmine
765 2816 892 2866 matrum

93 2899 214 2974 involat,
230 2912 260 2961 et
274 2898 377 2981 digitos
387 2899 416 2960 in
431 2899 544 2981 perfida
559 2901 668 2964 lumina
682 2905 790 2981 condit,

93 3004 304 3087 Exspoliatque
320 3025 410 3087 genas
423 3005 525 3080 oculis,
543 3003 624 3089 (lacit
639 3008 680 3070 ira
694 3009 855 3094 valentem)
997 3019 1057 3076 555

90 3108 297 3192 immergitque
308 3131 433 3172 manus:
456 3109 624 3194 soedataque
639 3115 778 3196 sanguine
794 3117 866 3180 sonti

91 3212 160 3274 Non
176 3213 284 3289 lumen,
300 3235 396 3294 neque
412 3215 489 3275 enim
506 3231 648 3298 superest,
663 3218 728 3279 loca
742 3219 856 3284 luminis
870 3222 975 3286 haurit.

96 3384 99 3391 ¹
132 3314 229 3377 Clade
244 3317 287 3378 sui
302 3316 456 3379 Thracum
471 3340 543 3401 gens
557 3321 664 3381 irritata
677 3322 789 3401 tyramri

85 3420 206 3483 Troada
220 3420 343 3481 telorum
358 3422 546 3505 lapidumque
562 3422 710 3486 incessere
722 3425 803 3509 jactu

83 3522 195 3606 Coepit.
239 3522 280 3583 At
293 3523 356 3584 haec
367 3525 488 3586 missum
501 3547 591 3588 rauco
601 3547 670 3588 cum
684 3550 833 3595 murmure
847 3556 952 3600 saxum
989 3541 1048 3601 560

59 3627 219 3694 Morsibus
231 3629 420 3716 insequitur:
443 3629 578 3716 rictuque
591 3631 624 3695 in
634 3634 840 3718 veritaparato
