2264 4042
496 256 611 315 LIBER
629 257 679 314 VI.

109 413 173 479 cui
189 415 227 478 sis
240 428 331 500 nupta
345 415 423 493 vide,
437 414 596 480 Pandione
609 429 689 492 nata,
704 412 820 477 marito.
1031 411 1093 474 180

109 519 289 606 Degeneras
303 544 310 584 :
332 523 431 587 scelus
445 537 490 587 est
502 523 597 608 pietas
611 523 641 586 in
655 520 782 606 conjuge
796 515 922 582 Tereo.'

106 625 142 690 N
142 648 178 690 ec
190 649 296 708 mora3
318 629 408 693 traxit
421 627 499 713 Ityn,
513 628 604 692 veluti
619 626 785 711 Gangetica
799 644 895 689 cervae

103 728 285 797 Lactentem
302 732 407 798 loetum
422 757 476 820 per
491 735 578 799 silvas
591 734 672 819 tigris
686 753 807 819 opacas.

101 835 207 923 thue
222 839 330 905 domirs
346 841 409 905 alta
424 855 541 926 partem
552 840 675 905 tonuere
690 850 859 918 remotam3

102 941 355 1031 Tendentemque
370 968 486 1026 manus,
501 946 606 1034 etjam
621 968 674 1011 sun
689 944 748 1010 late
762 943 921 1020 videntem,
1024 941 1084 1007 185

104 1046 204 1126 ‘Eis’
220 1049 335 1135 etjam,
352 1052 483 1130 ‘maten’
498 1053 687 1129 clamantem,
702 1065 734 1115 et
743 1049 822 1114 colla
836 1060 991 1134 petentem

103 1148 188 1217 Ense
204 1151 269 1217 serit
283 1153 411 1235 Procne,
427 1158 509 1222 lateri
524 1158 584 1243 qut
596 1171 703 1244 pectus
717 1156 872 1222 adhaeret:

101 1255 172 1322 Nec
186 1258 298 1324 vultum
312 1262 425 1327 avertit.
472 1263 551 1328 Satis
564 1264 605 1327 illi
619 1264 659 1328 ad
673 1261 796 1327 fata-’tel
811 1280 903 1325 unum

100 1360 216 1428 Vulnus
230 1379 315 1447 erat3
332 1366 470 1453 jugulum
485 1367 564 1434 lerro
578 1368 746 1434 Philomela
759 1366 888 1432 resolvit.

98 1465 235 1554 Vivaque
252 1471 361 1550 adhuc,
377 1474 541 1559 annuaque
556 1474 666 1558 aliquid
679 1474 834 1538 retinentia
847 1471 984 1536 membra
1018 1471 1079 1533 190

76 1607 79 1611 ¹
98 1570 261 1639 Dilauiant.
306 1577 383 1641 Pars
397 1579 467 1642 iude
482 1579 563 1641 cavis
577 1577 705 1641 exsultat
720 1577 820 1641 aenis:

100 1675 176 1743 Pars
190 1683 321 1746 verubus
335 1682 459 1746 stridet:
480 1697 601 1746 manant
614 1682 777 1767 penetralia
792 1681 871 1745 tabo.

98 1782 155 1849 His
171 1787 291 1850 adhibet
305 1786 414 1873 conjux
428 1787 562 1872 ignarum
576 1787 678 1852 Terea
692 1786 802 1852 mensis
815 1810 824 1849 r

97 1888 139 1955 Et
148 1892 233 1975 patrii
248 1893 337 1956 moris
351 1914 469 1957 sacmm
482 1894 614 1972 mentita,
630 1893 710 1979 quod
720 1893 771 1957 uni

95 1992 157 2061 Fas
172 1998 209 2062 sit
223 1998 303 2061 adire
318 1999 391 2075 viro,
406 1999 530 2063 comites
542 1997 726 2082 famulosque
741 1999 875 2063 removit.
1010 2001 1071 2061 195

95 2099 180 2179 Inde,
195 2103 303 2166 sedens
317 2104 399 2180 solio,
416 2102 544 2181 Tereus,
560 2104 691 2168 sublimis
705 2103 792 2180 avito,

94 2202 254 2271 Vescitur:
275 2209 364 2294 inque
379 2230 464 2272 suam
479 2230 532 2272 sua
547 2209 662 2272 viscera
676 2208 809 2290 congerit
823 2208 932 2270 alvum.

92 2310 250 2399 Tantaque
264 2336 325 2378 nox
336 2315 426 2378 animi
441 2327 496 2389 est,
512 2313 600 2395 ‘Ityn
612 2313 673 2375 huc
688 2311 847 2389 arcessite,’
862 2312 946 2376 dixit.

93 2416 287 2483 Dissimulare
300 2418 404 2502 nequit
416 2417 549 2482 crudelia
562 2416 671 2502 gaudia
684 2415 804 2482 Procne
815 2440 826 2499 3

91 2521 218 2609 Jamque
234 2546 294 2588 suae
309 2523 433 2610 cupiens
446 2523 588 2589 erastus
599 2525 700 2589 nuntia
713 2524 828 2604 cladis3
1002 2528 1068 2591 200

88 2629 191 2697 lIntus
206 2632 309 2708 habes,
325 2630 406 2715 quod
418 2630 537 2716 poscis‚’
551 2630 601 2695 ait.
647 2629 859 2716 Circumspicit
873 2631 933 2711 ille,

88 2734 188 2821 Atque
202 2736 254 2801 ubi
267 2738 304 2802 sit
315 2738 425 2823 quaerit.
470 2735 635 2815 Quamne,
648 2737 815 2824 iterumque
829 2739 955 2816 vocanti,

88 2837 174 2913 Siout
189 2852 253 2903 erat
265 2841 374 2924 sparsis
386 2838 481 2904 firrieli
495 2839 578 2903 oaede
598 2839 719 2925 capillis,

88 2938 226 3019 Prosiliit,
240 2942 378 3026 Ityosque
393 2957 483 3028 caput
496 2940 664 3007 Philomela
676 2956 832 3029 cruonmm

87 3044 208 3114 MIsitin
222 3068 275 3112 ora
287 3049 399 3133 patris:
420 3069 479 3112 neo
492 3061 626 3131 tempore
641 3047 744 3111 maluit
757 3047 817 3110 ullo
995 3052 1061 3115 205

86 3147 182 3216 Posse
196 3152 286 3238 loqui,
301 3167 332 3217 et
346 3151 457 3219 meritis
471 3151 570 3216 testari
584 3151 693 3235 gaudia
706 3151 802 3217 dictis.

126 3256 276 3322 'I'lrraoius
289 3259 399 3344 ingenti
413 3278 530 3331 mensas
543 3256 674 3322 claruere
688 3258 813 3343 repellit,

84 3363 363 3449 Vipereasquemiet
378 3363 482 3450 Stygia
495 3363 535 3428 de
549 3363 626 3427 valle
640 3384 757 3429 sorores
765 3387 784 3429 r,

84 3468 126 3535 Et
139 3469 241 3547 modo,
256 3471 280 3534 si
294 3471 395 3555 possit,
409 3484 541 3535 reserato
554 3482 676 3555 pectore
690 3469 770 3535 ditas

85 3572 219 3660 Egerere
234 3575 304 3639 inde
319 3576 421 3661 dapes,
437 3576 634 3664 demersaque
647 3575 767 3645 macera
778 3579 890 3665 gestitt
993 3584 1064 3642 ‘m

73 3677 145 3740 Her
154 3680 257 3755 modo,
272 3698 475 3765 seqnexocat
486 3685 613 3755 busutm
624 3686 807 3758 miserabile
818 3688 910 3753 uait·-

320 3786 366 3847 ⁷*
