2264 4042
471 248 585 311 umus
604 252 666 309 XV.

79 413 125 480 Et
137 414 221 498 lepus
235 410 398 496 impavidus
411 410 516 474 mediis
531 410 636 473 erravit
649 410 678 473 in
693 409 790 494 egris:

79 520 150 585 Nec
165 541 219 583 sua
233 518 388 582 credulitas
401 517 516 602 piscem
531 514 724 599 suspenderat
737 515 826 577 hamo
840 534 848 575 ε

80 622 200 689 Cuncta
214 625 275 686 sine
289 623 408 698 insidiis,
422 623 592 704 nullamque
605 619 734 683 timentia
747 617 893 693 fraudem,

79 727 236 811 Plenaque
251 729 332 811 pacis
347 742 439 790 erant.
486 727 649 808 Postquam
662 746 721 786 non
734 723 809 787 utilis
826 736 927 787 auctor

78 831 215 895 Victibns
229 833 339 908 invidit,
348 832 492 916 (quisquis
506 829 559 893 fuit
572 831 620 892 ille
635 826 779 911 virorum)
1012 831 1054 891 45

80 935 307 1020 Corporeasque
323 939 416 1020 dapes
431 936 547 998 avidam
562 934 700 998 demersit
713 934 743 995 in
758 933 876 1011 alvum;

80 1039 167 1104 Fecit
182 1042 236 1102 iter
252 1042 375 1103 sceleri:
393 1039 550 1124 primique
565 1062 582 1103 e
602 1040 684 1103 caede
700 1037 829 1102 ferarum

77 1144 237 1209 Incaluisse
253 1158 354 1227 putem
369 1147 546 1208 maculatum
561 1146 701 1227 sanguine
717 1142 839 1206 sermm.

78 1249 174 1331 quue
191 1251 257 1312 satis
273 1250 385 1312 fuerat:
407 1266 597 1332 nostrumque
613 1250 741 1332 petentia
755 1249 848 1310 letum

80 1352 215 1436 Corpora
231 1355 317 1416 missa
332 1355 408 1427 neci,
424 1355 506 1415 salvi
520 1354 639 1435 pietate,
655 1352 802 1415 fatemur:
1013 1357 1054 1414 50

80 1456 142 1520 Sed
160 1458 247 1540 quiam
265 1459 363 1520 danda
377 1459 453 1532 neci,
469 1472 529 1518 turn
544 1479 602 1518 non
618 1456 765 1539 epulanda
779 1454 905 1519 fuerunt.

78 1560 212 1644 Longius
227 1562 295 1623 inde
311 1561 393 1622 nefas
410 1560 500 1622 abiit:
523 1573 552 1622 et
567 1561 661 1640 prima
675 1571 791 1641 putatur

79 1664 186 1730 Hostia
202 1688 251 1727 sus
266 1665 408 1726 meruisse
422 1664 505 1739 niori,
522 1664 588 1745 quia
603 1663 713 1724 semina
725 1661 823 1744 pando

81 1769 200 1859 Emerit
213 1783 314 1844 rostro,
330 1790 470 1852 spemque
484 1767 667 1850 mterceperit
682 1767 757 1830 anni.

79 1871 149 1936 Vite
163 1895 251 1955 caper
265 1872 361 1936 morsi
377 1872 489 1935 Bacchi
503 1871 675 1934 mactandus
688 1870 726 1933 ad
741 1892 805 1934 aras
1012 1879 1052 1936 55

80 1977 206 2041 Ducitur
220 1979 326 2040 ultoris.
372 1978 482 2040 Noouit
496 1998 549 2040 sua
571 1977 658 2059 culpa
672 1977 797 2041 duobus.

63 2068 163 2157 (Quid
179 2084 321 2145 meruistis
335 2104 414 2156 oveti,
431 2083 580 2165 placidum
597 2102 699 2162 pecus,
715 2081 802 2162 inque
822 2071 971 2147 tuendosl.

63 2178 190 2249 iNatum
203 2188 344 2261 homines,
360 2189 446 2268 plcno
461 2206 525 2268 quae
541 2182 621 2245 fertis
634 2185 664 2245 in
678 2184 770 2247 ubere
784 2197 886 2247 nectar
901 2184 914 2245 ἓ
930 2263 934 2269 Ι

81 2290 183 2352 Mollia
198 2312 261 2372 quse
277 2290 359 2350 nobis
373 2304 485 2350 vestras
499 2287 646 2348 velamina
659 2287 741 2349 lanas

82 2394 233 2467 Praebetis‚
249 2393 365 2473 vitiaque
380 2391 483 2471 magis,
500 2389 588 2471 quim
603 2404 697 2452 morte
710 2390 830 2474 juvatis
1016 2397 1057 2455 60

82 2497 165 2571 Quid
179 2497 315 2558 meruere
332 2498 430 2570 boves,
447 2494 552 2556 animal
568 2494 630 2556 sine
645 2493 748 2557 fraude
764 2494 907 2579 dolisque,

81 2603 255 2676 Innocuum3
272 2600 405 2682 simplex,
420 2613 520 2661 natum
535 2600 661 2661 tolerare
675 2597 816 2663 labores?
922 2630 928 2641 ⁴

81 2706 241 2768 Immemor
256 2718 299 2766 est
313 2705 444 2780 demum,
458 2726 515 2767 nec
530 2703 646 2786 frugum
661 2724 785 2767 munere
799 2702 912 2789 (ligius,

81 2810 144 2883 Qui
159 2810 249 2892 potuit
264 2810 343 2870 curvi
360 2809 479 2890 dempto
494 2808 584 2870 modo
598 2808 730 2890 pondere
744 2808 834 2872 aratri
900 2802 903 2807 ¹

83 2909 400 2979 Ruricolam'mactare
416 2933 521 2973 suum:
544 2912 593 2994 qui
608 2913 673 2973 trita
686 2912 796 2973 labore.
915 2944 920 2951 =
1012 2917 1054 2977 65

82 3019 145 3093 Illa,
162 3018 264 3099 quibus
278 3018 362 3078 toties
377 3016 483 3076 durum
503 2994 692 3076 renoiaverat
708 3034 820 3090 arvum,
839 3030 843 3035 '
859 3006 862 3011 ¹

82 3121 144 3184 Tot
159 3122 281 3182 dederat
294 3141 417 3192 messes,
432 3118 575 3199 percussit
589 3118 664 3179 colla
679 3116 788 3181 securi.

127 3226 196 3288 Nec
212 3225 348 3299 sauses,
365 3221 444 3306 quod
458 3222 515 3283 tale
530 3220 613 3283 nefas
628 3225 833 3288 committitur:
853 3226 932 3312 ipsos
1000 3246 1012 3269 '³

83 3330 260 3412 Inscripsdre
277 3330 348 3391 deos
363 3328 477 3402 sociem,
492 3347 659 3408 numenque
675 3350 832 3410 supernum

84 3433 178 3496 Caede
193 3431 338 3495 laboriferi
353 3435 475 3495 credunt
494 3431 623 3515 gaudere
637 3431 766 3514 juvenci.

82 3536 212 3598 Victima
226 3537 291 3599 labe
306 3557 419 3612 carens,
433 3551 464 3602 et
477 3537 708 3620 prestantissima
723 3537 825 3617 sormi,

86 3639 181 3725 (Nam
195 3642 340 3726 placuisse
354 3642 454 3726 nocet)
469 3644 545 3708 vittis
558 3644 706 3728 presignis
721 3657 751 3706 et
765 3665 845 3719 auro,
