2264 4042
449 273 566 335 UBER
583 276 620 333 IL
1006 276 1049 341 29

57 450 282 539 Virgineusque
299 450 440 532 Helicon,
456 468 487 517 et
497 452 630 517 nondum
644 450 789 537 OEagrius
803 447 939 515 Hemos.

60 559 163 624 Ardet
176 559 206 622 iu
219 558 397 623 immensum
412 559 567 644 geminatis
581 558 695 644 ignibus
709 558 813 635 AEtne,

61 664 287 750 Parnassusque
302 665 416 750 biceps,
431 679 462 729 et
477 664 576 750 Eryx,
592 678 623 729 et
636 663 784 750 Cynthus,
800 678 831 728 et
844 662 968 750 Othrys,

64 769 110 847 Et
124 771 245 835 tandem
260 770 412 856 Rhodope
426 771 542 836 nivibus
555 771 693 849 caritura,
709 770 889 856 Mimasque,
984 772 1044 834 221

63 873 290 962 Dindymaque,
302 892 332 942 et
346 876 479 962 Mycale,
493 891 638 963 natusque
654 876 693 941 ad
708 898 793 941 sacra
807 875 969 941 Citheron.

64 976 136 1047 Nec
150 996 274 1067 prosunt
288 983 417 1068 Scythiae
433 1006 488 1048 sua
502 982 629 1069 fiigora:
651 982 809 1048 Caucasus
824 982 919 1061 ardet,

66 1087 206 1173 Ossaque
221 1110 291 1153 cum
307 1088 415 1167 Pindo,
430 1088 583 1176 majorque
599 1089 744 1154 ambobus
759 1086 930 1174 Olympus:

65 1194 224 1280 Ae'rieque
239 1193 344 1281 Alpes,
360 1212 391 1261 et
403 1195 521 1261 nubifer
536 1197 721 1282 Apenninus.
981 1197 1045 1260 225

107 1298 200 1363 Tunc
213 1300 286 1364 verb
301 1299 458 1367 Phaedron
473 1303 587 1367 cunctis
601 1323 619 1365 e
634 1303 765 1388 partibus
780 1302 885 1368 orbem

66 1404 203 1490 Adspicit
218 1426 399 1470 accensum:
421 1430 479 1473 nec
490 1422 586 1472 tantos
601 1409 723 1473 sustinet
737 1423 843 1472 estus:

68 1506 292 1595 Ferventesquc
310 1533 406 1589 auras,
422 1513 534 1577 velute
551 1512 672 1576 fornace
687 1511 843 1597 profundi,

69 1614 130 1681 Ore
145 1616 244 1693 oalrit,
260 1637 423 1700 currusque
440 1638 509 1680 suos
523 1616 706 1681 candescere
721 1617 818 1682 sentit.

69 1714 110 1783 Et
122 1738 223 1804 neque
233 1719 299 1804 jam
314 1718 429 1782 cineres
444 1718 661 1806 ejectatamque
675 1718 803 1785 favillam
984 1727 1048 1786 230

69 1822 163 1891 Ferre
178 1838 294 1911 potest:
317 1825 482 1910 callidoque
498 1825 651 1890 involvitur
666 1827 796 1912 undique
811 1826 904 1892 sumo.
958 1886 961 1891 .

69 1927 200 2015 Qudque
216 1944 274 2008 eat,
291 1946 341 1994 aut
354 1931 404 1996 ubi
420 1932 464 2008 sit,
480 1932 569 2017 picea
583 1934 706 2018 caligine
721 1949 817 1998 tectus

70 2034 193 2116 Nescit3
215 2049 246 2100 et
260 2036 378 2100 arbitrio
391 2037 544 2102 volucrum
559 2053 690 2122 raptatur
704 2061 860 2124 equorum.

111 2139 261 2223 Sanguine
276 2154 339 2204 tum
354 2141 479 2204 credunt
493 2141 523 2204 in
538 2163 664 2226 corpora
678 2162 795 2206 summa
809 2157 924 2221 vocato,

68 2241 240 2326 AEthiopum
254 2244 378 2328 populos
392 2243 508 2327 nigrum
521 2244 648 2306 traxisse
663 2244 807 2306 colorem.
981 2249 1045 2310 235

17 2429 20 2435 .
69 2345 150 2410 Tum
164 2346 244 2411 sacta
259 2362 304 2410 est
318 2346 428 2430 Libye,
443 2347 533 2430 raptis
543 2346 715 2412 humoribus
730 2362 811 2428 aestu,

70 2449 181 2530 Arida3
202 2464 266 2513 tum
280 2448 419 2532 nymphae
434 2448 528 2533 passis
542 2447 696 2536 sontesque
711 2450 853 2539 lacusque

70 2550 231 2615 Deflevere
246 2550 350 2615 comis.
396 2549 505 2627 Querit
518 2550 639 2618 Boeotia
653 2554 778 2634 Dircen,
859 2582 862 2586 ’

71 2657 167 2740 Argos
181 2656 383 2740 Amymonen,
400 2654 524 2742 Ephyre
546 2656 698 2724 Pirenidas
712 2661 817 2725 undas.

59 2759 138 2836 ¹Nec
153 2759 254 2823 sortita
264 2761 331 2823 loco
347 2760 487 2824 distantes
502 2759 624 2825 flumina
637 2763 716 2848 ripas
983 2771 1047 2832 240

69 2858 151 2927 Tuta
164 2875 307 2926 manent:
328 2864 433 2927 mediis
447 2862 563 2928 Tanais
578 2864 700 2929 fumavit
710 2867 740 2930 in
754 2867 851 2946 undis,

69 2963 249 3049 Peneosque
265 2986 368 3043 senex,
383 2946 663 3054 Teuthranteusque
678 2967 802 3047 Caicus,

70 3066 112 3133 Et
125 3071 209 3135 celer
219 3069 363 3148 Ismenos,
378 3092 449 3134 cum
464 3070 619 3135 Phocaico
634 3071 831 3156 Erymantho,

68 3173 257 3256 Arsurusque
271 3173 378 3236 iterum
393 3171 541 3251 Xanthus,
557 3173 709 3261 flavusque
724 3175 900 3262 Lycormas,

69 3275 192 3363 Quique
206 3279 367 3342 recurvatis
380 3278 454 3343 ludit
468 3279 802 3367 Maeandrosinundis3
983 3292 1046 3355 245

68 3376 310 3464 Mygdoniusque
324 3380 432 3459 Melas,
447 3395 478 3445 et
490 3381 646 3448 Tenarius
660 3383 799 3453 Eurotas.

67 3480 149 3544 Arsit
164 3495 195 3545 et
209 3480 379 3567 Euphrates
393 3482 586 3570 Babylonius,
603 3488 672 3551 arsit
688 3488 830 3569 Orontes,

66 3581 325 3668 Thermodonque
339 3585 424 3663 citus,
439 3586 630 3673 Gangesque,
646 3605 676 3655 et
691 3591 807 3673 Phasis,
823 3608 853 3659 et
863 3594 948 3662 Ister.

65 3683 188 3750 AEstuat
201 3684 446 3834 Alpheos32*ripae
462 3689 665 3777 Spercheides
677 3693 805 3759 ardent:
