2264 4042
473 241 588 297 LIBER
605 240 656 297 lv,

76 403 216 468 Volvitur
230 401 315 465 Ixion
328 423 336 462 :
359 415 436 463 etse
452 399 642 484 sequiturque
657 397 800 483 fugitque.

79 508 241 590 Molirique
256 505 316 570 suis
329 506 422 569 letum
437 505 616 589 patruelibus
631 526 720 581 ause,

80 613 227 677 Adsidue
244 625 389 695 repetunt,
405 632 478 694 quas
492 611 627 694 perdant,
642 609 767 673 Belides
781 608 886 673 undas.

79 717 172 791 Quos
186 737 291 780 omnes
306 716 370 779 acie
384 731 542 800 postquam
557 713 695 779 Saturnia
708 713 791 778 torvi:

78 823 174 900 Vidit,
190 836 220 886 et
234 835 301 885 ante
316 843 421 885 omnes
435 821 561 900 lxiona3
583 843 685 884 hirsus
699 821 735 882 ab
750 821 799 883 illo
997 823 1057 881 145

81 929 232 1012 Sisyphon
249 928 425 1011 adspiciens,
442 925 523 989 ‘Cur
536 927 586 989 hic
601 949 619 990 e
634 925 797 1004 hatribus‚'
812 925 912 1010 inquit,

52 1019 60 1027 ¹
80 1034 266 1118 ‘Perpetuas
280 1033 387 1117 patitur
401 1055 527 1116 poenas;
549 1033 731 1097 Athamanta
745 1035 906 1119 superbum

78 1141 182 1224 Regia
196 1142 277 1204 dives
291 1142 402 1205 habet:
425 1142 474 1224 qui
489 1163 539 1204 me
553 1164 624 1205 cum
639 1142 764 1228 conjuge
779 1163 899 1228 semper

78 1246 243 1331 Sprevit?’
267 1261 297 1310 et
311 1247 433 1331 exponit
448 1269 554 1311 causas
568 1247 688 1330 odiique
703 1248 838 1332 viaeque3

77 1350 223 1434 Quidque
238 1351 317 1413 velit.
363 1350 456 1424 Quod
470 1352 569 1428 vellet,
584 1366 657 1429 erat,
672 1374 710 1415 ne
724 1353 807 1436 regia
821 1350 933 1419 Cadmi
994 1357 1055 1416 150

49 1449 55 1455 ¹
80 1457 203 1536 Staret:
227 1471 257 1520 et
271 1458 301 1520 in
315 1456 429 1521 facinus
443 1459 592 1521 traherent
606 1459 787 1521 Athamanta
801 1479 928 1523 sorores.

76 1561 253 1646 lrnperium,
268 1563 421 1646 promissa,
436 1584 543 1645 preces
557 1561 710 1625 confundit
723 1562 753 1623 in
767 1583 881 1624 unum:

79 1666 286 1754 Sollicitatque
303 1667 387 1729 deas.
434 1666 485 1729 Sic
499 1668 565 1729 haec
578 1665 696 1729 Junone
711 1666 820 1744 locuta,

76 1771 245 1856 Tisiphone
257 1793 358 1847 canos,
370 1786 402 1835 ut
417 1786 489 1848 erat,
504 1772 619 1837 turbata
633 1772 755 1857 capillos

76 1876 196 1942 Movit:
219 1890 249 1939 et
262 1878 411 1941 obstantes
424 1877 528 1962 rejecit
542 1879 579 1941 ab
594 1901 646 1942 ore
661 1879 807 1944 colubras.
995 1890 1055 1949 155

76 1982 180 2064 Atque
195 1981 245 2057 ita,
262 1981 351 2044 ‘Non
365 1982 459 2065 longis
473 2005 549 2067 opus
563 1998 609 2047 est
623 1985 805 2068 ambagibus,
818 1985 827 2015 ’
841 1986 914 2051 infit.

79 2084 199 2149 ‘Facta
214 2103 294 2171 puta,
310 2110 494 2173 quecunque
504 2089 615 2174 jubes:
637 2090 794 2154 inamabile
809 2113 935 2175 regnum

77 2190 221 2256 Desere:
242 2208 332 2277 teque
346 2192 425 2258 refer
440 2195 508 2257 coeli
524 2195 652 2258 melioris
667 2197 705 2259 ad
721 2197 837 2258 auras’
864 2217 867 2222 ·

10 2286 14 2306 '
127 2296 213 2361 Laeta
230 2299 307 2362 redit
321 2297 421 2362 Juno:
443 2320 534 2383 quam
548 2301 660 2362 coelum
674 2301 781 2362 intrare
794 2315 949 2384 parantem

78 2402 202 2468 Roratis
212 2403 342 2467 lustravit
356 2404 440 2486 aquis
454 2403 668 2467 Thaumantias
682 2402 746 2469 Iris.
997 2413 1057 2475 160

119 2509 193 2573 'Nec
207 2530 314 2587 mora:
335 2507 499 2594 Tisiphone
514 2508 714 2575 madefactam
730 2513 870 2597 sanguine
885 2513 973 2582 sumit

77 2614 251 2699 Importuna
266 2613 385 2677 facem:
405 2614 557 2700 fluidoque
572 2639 679 2680 cruore
693 2619 849 2683 rubentem

77 2721 213 2786 Induitur
227 2721 355 2804 pallam:
377 2735 511 2806 tortoque
526 2722 680 2807 incingitur
695 2746 813 2808 angue:

78 2825 301 2910 Egrediturque
317 2826 418 2889 domo.
463 2826 579 2890 Luctus
593 2827 769 2893 comitantur
783 2842 914 2911 euntem,

79 2930 125 2995 Et
140 2929 250 3006 Pavor,
266 2944 296 2993 et
310 2929 433 3007 Terror,
448 2933 623 3017 trepidoque
638 2932 757 2997 Insania
770 2935 863 2998 vultu.
996 2943 1056 3005 165

77 3035 201 3103 Limiue
216 3035 402 3099 constiterat:
424 3050 524 3119 postes
538 3037 694 3101 tremuisse
709 3039 842 3104 feruntur

78 3138 192 3219 AEolii3
214 3141 366 3224 pallorque
382 3138 460 3205 fores
474 3138 575 3203 infecit
590 3162 733 3205 acemas:

79 3244 196 3329 Solque
210 3245 310 3309 locum
325 3244 407 3330 fugit.
452 3244 592 3310 Monstris
607 3248 747 3311 exterrita
761 3249 883 3336 conjux,

78 3350 218 3414 Territus
233 3364 278 3414 est
292 3350 457 3416 Athamas:
479 3365 618 3437 tectoque
633 3353 717 3419 exire
731 3357 883 3439 parabant.

79 3454 202 3520 Obstitit
215 3453 327 3533 infelix,
342 3457 512 3542 aditumque
527 3459 652 3536 obsedit,
668 3458 820 3545 Erinnys:
997 3473 1057 3531 170

77 3560 233 3646 Nexaque
247 3560 374 3645 vipereis
389 3563 558 3627 distendens
571 3565 691 3629 brachia
705 3567 800 3644 nodis,

79 3662 246 3731 Canariam
260 3668 402 3732 excussit.
446 3666 537 3733 Mota
552 3671 680 3734 sonudre
694 3671 842 3735 colubra:

344 3776 364 3834 5
