2264 4042
74 272 118 333 (52
365 222 743 318 uernuoneuosuou

116 423 230 486 Verum
245 421 294 484 ubi
308 421 442 483 virtutem
457 420 548 482 turbe
563 419 758 482 succumbere
771 417 853 494 vidit,
987 419 1052 477 120

72 528 272 604 ‘Auxilium’
287 526 426 602 Perseus,
443 525 602 609 ‘quoniam
613 525 655 588 sic
669 524 772 606 cogitis
787 522 861 606 ipsi,‘

74 635 170 711 Dixit,
186 635 245 697 ‘ab
260 633 344 696 hoste
355 645 455 715 petam
467 653 477 709 3
499 630 595 695 vultus
606 630 728 693 avertite
741 643 862 703 vestros,

74 741 107 804 Si
122 740 186 823 quis
202 738 314 802 amicus
329 739 413 800 adest
424 737 453 799 τ’
475 750 506 798 et
520 736 667 820 Gorgonis
682 735 786 798 extulit
800 754 861 796 ora.

74 845 204 919 ‘Quaere
219 844 318 920 alium,
333 857 385 906 tua
401 864 490 928 quem
504 856 642 906 moveant
656 838 816 914 miracula,’
832 837 905 901 dixit

71 950 258 1014 Thescelus:
280 964 371 1032 utque
386 970 475 1011 manu
484 947 617 1032 jaculum
633 947 720 1010 satale
734 945 857 1030 parabat
983 947 1048 1006 125

71 1055 201 1132 Mittere,
215 1056 244 1118 in
255 1054 313 1117 hoe
328 1054 410 1117 haesit
421 1054 536 1136 signum
551 1055 589 1116 de
602 1074 749 1116 marmore
765 1065 859 1134 gestu.

73 1162 234 1226 Proximus
248 1160 316 1223 huic
332 1160 455 1244 Ampyx
471 1159 558 1221 animi
572 1159 740 1243 plenissima
753 1157 852 1240 magni

71 1264 202 1330 Pectora
216 1264 360 1348 Lyncidae
376 1264 473 1347 gladio
488 1264 577 1348 petit:
599 1264 688 1348 inque
702 1263 832 1349 petendo

73 1372 209 1436 Dextera
223 1370 348 1452 diriguit,
363 1390 420 1432 nec
432 1349 505 1432 c'itrt
517 1384 606 1446 mota,
621 1391 679 1432 uec
693 1369 778 1432 ultra·

74 1479 116 1541 At
130 1477 246 1551 Nileus,
262 1474 311 1559 qui
326 1496 358 1538 se
374 1475 505 1558 genitum
520 1476 712 1559 septemplice
727 1475 799 1537 Nilo
985 1477 1052 1536 130

75 1582 246 1647 Ementitus
260 1596 332 1658 erat,
348 1581 455 1665 clypeo
467 1601 585 1665 quoque
597 1580 717 1644 flumina
731 1593 846 1666 septem

75 1689 208 1770 Argeum
223 1686 339 1768 partim,
355 1686 462 1768 partim
476 1687 631 1748 celaverat
645 1708 727 1760 auro,

75 1789 260 1874 ‘Adspiee,'
276 1789 324 1863 ait,
341 1787 487 1863 ‘Persem
502 1802 607 1850 nostre
622 1788 781 1871 primordia
795 1792 908 1871 gentis:

45 1883 47 1887 ’
76 1895 188 1979 Magna
202 1891 280 1955 feres
295 1891 398 1954 tacitas
413 1892 514 1954 solatia
528 1893 629 1956 mortis
645 1894 683 1955 nd
697 1893 826 1969 umbras,

75 2002 105 2064 A
119 2014 199 2063 tanto
209 1997 352 2062 cecidisse
367 1996 450 2060 viro?
482 1997 570 2060 Pars
585 1998 684 2060 ultima
695 1999 776 2062 vocis
987 2006 1054 2066 135
1093 1986 1095 1990 ’

76 2107 111 2170 In
125 2105 224 2169 medio
239 2125 397 2188 suppressa
414 2125 487 2167 sono
502 2118 564 2166 est:
587 2103 787 2188 adapertaque
802 2105 877 2169 velle

78 2213 142 2278 Ora
155 2211 235 2296 loqui
250 2210 354 2275 credas
367 2232 377 2290 3
398 2231 455 2273 nec
471 2224 536 2273 sunt
551 2232 588 2273 ea
601 2212 702 2295 pervia
716 2211 821 2276 verbis.

77 2320 215 2403 Increpat
228 2319 292 2394 bos,
317 2315 473 2401 ‘Vitioque
489 2317 587 2394 animi,
602 2339 661 2382 non
673 2317 813 2399 'omnibus
826 2317 834 2347 ’
848 2317 949 2401 inquit,
1050 2304 1055 2311 ¹

79 2432 87 2462 ‘
101 2423 267 2506 Gorgoneis
281 2423 409 2502 torpetis,
421 2422 430 2452 '
446 2421 554 2503 Eryx:
577 2423 733 2487 ‘incurrite
748 2444 867 2487 mecum
879 2445 889 2501 ;

81 2528 124 2591 Et
137 2525 309 2610 prosternite
324 2523 405 2584 humi
415 2524 566 2606 juvenem,
582 2529 699 2608 magica
714 2549 795 2591 arma
810 2529 1000 2592 moventem!

80 2633 253 2696 Incursurus
267 2641 350 2706 erat3
372 2626 464 2688 tenuit
477 2627 598 2710 vestigia
612 2630 717 2692 tellus:
960 2704 963 2709 ¹
992 2641 1052 2700 141

82 2738 284 2818 Immotusque
300 2733 383 2809 silex,
400 2745 571 2816 armataque
585 2735 692 2798 mansit
705 2737 814 2822 imago.

83 2843 125 2908 Hi
136 2857 235 2906 tamen
251 2861 291 2902 ex
305 2839 410 2902 merito
419 2859 539 2924 poenam
555 2841 670 2905 subiere
683 2866 692 2922 3
720 2844 774 2907 sed
786 2868 861 2910 unus

85 2948 174 3014 Miles
190 2960 253 3010 erat
267 2946 383 3023 Persei,
399 2968 452 3030 pro
467 2967 526 3029 quo
541 2946 613 3009 dnm
628 2965 746 3032 pugnat,
762 2953 924 3029 Aconteus,

11 3055 14 3059 ’
86 3055 225 3138 Gorgone
237 3052 397 3138 conspecta
410 3074 485 3116 saxo
499 3055 649 3118 concrevit
662 3058 774 3120 oborto·
993 3064 1057 3123 145

85 3160 189 3234 Quem
204 3175 283 3222 ratus
297 3161 445 3245 Astyages
458 3160 618 3223 etiamnum
632 3163 740 3238 vivere,
755 3163 842 3246 longo

88 3265 170 3328 Ense
185 3264 268 3326 serit:
291 3264 386 3326 sonuit
399 3265 545 3328 tinnitibus
560 3267 637 3329 ensis
652 3267 753 3328 acutis.

86 3370 170 3432 Dum
185 3381 282 3451 stupet
295 3367 451 3451 Astyages,
466 3384 598 3432 naturam
613 3371 699 3432 traxit
715 3371 861 3435 eandem:

88 3472 316 3556 Marmoreoque
332 3488 431 3535 manet
444 3475 540 3536 vultus
554 3475 682 3538 mirantis
697 3476 725 3538 in
741 3499 803 3541 ore.

88 3578 218 3645 Nomina
232 3578 318 3659 longa
331 3598 416 3639 mora
431 3592 475 3640 est
488 3577 589 3641 media
603 3579 640 3642 de
655 3583 742 3665 plebe
757 3587 883 3651 virorum
993 3594 1059 3660 150

90 3685 215 3757 Dicere,
258 3681 313 3747 Bis
327 3695 447 3748 centurn
461 3684 609 3749 restabant
623 3707 748 3775 corpora
760 3714 885 3779 pugna:
