<?xml version="1.0" encoding="UTF-8"?>
<!DOCTYPE html PUBLIC "-//W3C//DTD XHTML 1.0 Transitional//EN"
    "http://www.w3.org/TR/xhtml1/DTD/xhtml1-transitional.dtd">
<html xmlns="http://www.w3.org/1999/xhtml" xml:lang="en" lang="en">
 <head>
  <title>
</title>
<meta http-equiv="Content-Type" content="text/html;charset=utf-8" />
  <meta name='ocr-system' content='tesseract 3.04.00' />
  <meta name='ocr-capabilities' content='ocr_page ocr_carea ocr_par ocr_line ocrx_word'/>
</head>
<body>
  <div class='ocr_page' id='page_1' title='image "./excerptaexscrip03ovidgoog_0055.png"; bbox 0 0 2264 4042; ppageno 0'>
   <div class='ocr_carea' id='block_1_1' title="bbox 110 213 779 311">
    <p class='ocr_par' dir='ltr' id='par_1_1' title="bbox 110 213 779 311">
     <span class='ocr_line' id='line_1_1' title="bbox 110 213 779 311; baseline 0.003 -11"><span class='ocrx_word' id='word_1_1' title='bbox 110 213 163 311; x_wconf 65' lang='lat'>40³</span> <span class='ocrx_word' id='word_1_2' title='bbox 401 215 779 302; x_wconf 71' lang='lat' dir='ltr'>monmorenosnon</span> 
     </span>
    </p>
   </div>
   <div class='ocr_carea' id='block_1_2' title="bbox 105 401 1089 1729">
    <p class='ocr_par' dir='ltr' id='par_1_2' title="bbox 110 401 906 488">
     <span class='ocr_line' id='line_1_2' title="bbox 110 401 906 488; baseline 0.001 -22"><span class='ocrx_word' id='word_1_3' title='bbox 110 402 175 468; x_wconf 81' lang='lat' dir='ltr'>Etsi</span> <span class='ocrx_word' id='word_1_4' title='bbox 190 423 249 467; x_wconf 90' lang='lat' dir='ltr'>non</span> <span class='ocrx_word' id='word_1_5' title='bbox 262 401 399 480; x_wconf 90' lang='lat' dir='ltr'>hominis,</span> <span class='ocrx_word' id='word_1_6' title='bbox 415 423 507 487; x_wconf 90' lang='lat' dir='ltr'>quem</span> <span class='ocrx_word' id='word_1_7' title='bbox 520 424 581 466; x_wconf 89' lang='lat' dir='ltr'>non</span> <span class='ocrx_word' id='word_1_8' title='bbox 594 416 695 467; x_wconf 90' lang='lat' dir='ltr'>tamen</span> <span class='ocrx_word' id='word_1_9' title='bbox 706 402 797 467; x_wconf 87' lang='lat' dir='ltr'>edere</span> <span class='ocrx_word' id='word_1_10' title='bbox 814 403 906 488; x_wconf 80' lang='lat' dir='ltr'>possit</span> 
     </span>
    </p>

    <p class='ocr_par' dir='ltr' id='par_1_3' title="bbox 109 503 990 592">
     <span class='ocr_line' id='line_1_3' title="bbox 109 503 990 592; baseline 0 -22"><span class='ocrx_word' id='word_1_11' title='bbox 109 503 236 582; x_wconf 86' lang='lat' dir='ltr'>Cervus,</span> <span class='ocrx_word' id='word_1_12' title='bbox 251 505 362 570; x_wconf 81' lang='lat' dir='ltr'>habet:</span> <span class='ocrx_word' id='word_1_13' title='bbox 383 505 556 591; x_wconf 78' lang='lat' dir='ltr'>moe&#39;stisque</span> <span class='ocrx_word' id='word_1_14' title='bbox 569 506 666 591; x_wconf 88' lang='lat' dir='ltr'>replet</span> <span class='ocrx_word' id='word_1_15' title='bbox 674 506 748 592; x_wconf 92' lang='lat' dir='ltr'>juga</span> <span class='ocrx_word' id='word_1_16' title='bbox 758 520 828 570; x_wconf 89' lang='lat' dir='ltr'>nota</span> <span class='ocrx_word' id='word_1_17' title='bbox 841 505 990 590; x_wconf 75' lang='lat' dir='ltr'>querelis:</span> 
     </span>
    </p>

    <p class='ocr_par' dir='ltr' id='par_1_4' title="bbox 108 609 1089 803">
     <span class='ocr_line' id='line_1_4' title="bbox 109 609 1089 698; baseline -0.001 -22"><span class='ocrx_word' id='word_1_18' title='bbox 109 609 151 676; x_wconf 82' lang='lat' dir='ltr'>Et</span> <span class='ocrx_word' id='word_1_19' title='bbox 165 611 288 697; x_wconf 80' lang='lat' dir='ltr'>genibus</span> <span class='ocrx_word' id='word_1_20' title='bbox 302 612 430 698; x_wconf 83' lang='lat' dir='ltr'>supplex</span> <span class='ocrx_word' id='word_1_21' title='bbox 442 611 552 697; x_wconf 88' lang='lat' dir='ltr'>pronis,</span> <span class='ocrx_word' id='word_1_22' title='bbox 563 611 722 697; x_wconf 82' lang='lat' dir='ltr'>similisque</span> <span class='ocrx_word' id='word_1_23' title='bbox 736 612 860 696; x_wconf 81' lang='lat' dir='ltr'>roganti,</span> <span class='ocrx_word' id='word_1_24' title='bbox 961 630 965 636; x_wconf 79' lang='grc'>’</span> <span class='ocrx_word' id='word_1_25' title='bbox 1025 617 1089 677; x_wconf 78' lang='grc'>150</span> 
     </span>
     <span class='ocr_line' id='line_1_5' title="bbox 108 715 911 803; baseline -0.004 -21"><span class='ocrx_word' id='word_1_26' title='bbox 108 715 291 783; x_wconf 81' lang='lat' dir='ltr'>Circumfert</span> <span class='ocrx_word' id='word_1_27' title='bbox 304 719 419 796; x_wconf 80' lang='lat' dir='ltr'>tacitos,</span> <span class='ocrx_word' id='word_1_28' title='bbox 432 732 576 803; x_wconf 84' lang='lat' dir='ltr'>tanquam</span> <span class='ocrx_word' id='word_1_29' title='bbox 588 739 643 783; x_wconf 91' lang='lat' dir='ltr'>sua</span> <span class='ocrx_word' id='word_1_30' title='bbox 656 717 789 795; x_wconf 89' lang='lat' dir='ltr'>brachia,</span> <span class='ocrx_word' id='word_1_31' title='bbox 803 717 911 781; x_wconf 78' lang='lat' dir='ltr'>vultus</span> 
     </span>
    </p>

    <p class='ocr_par' dir='ltr' id='par_1_5' title="bbox 106 821 837 906">
     <span class='ocr_line' id='line_1_6' title="bbox 106 821 837 906; baseline -0.003 -22"><span class='ocrx_word' id='word_1_32' title='bbox 106 821 149 884; x_wconf 77' lang='lat' dir='ltr'>At</span> <span class='ocrx_word' id='word_1_33' title='bbox 162 821 287 886; x_wconf 83' lang='lat' dir='ltr'>comites</span> <span class='ocrx_word' id='word_1_34' title='bbox 300 821 438 906; x_wconf 88' lang='lat' dir='ltr'>rapidum</span> <span class='ocrx_word' id='word_1_35' title='bbox 451 821 541 886; x_wconf 85' lang='lat' dir='ltr'>solitis</span> <span class='ocrx_word' id='word_1_36' title='bbox 554 821 716 885; x_wconf 79' lang='lat' dir='ltr'>hortau&#39;bus</span> <span class='ocrx_word' id='word_1_37' title='bbox 730 841 837 904; x_wconf 86' lang='lat' dir='ltr'>agmen</span> 
     </span>
    </p>

    <p class='ocr_par' dir='ltr' id='par_1_6' title="bbox 106 920 854 1009">
     <span class='ocr_line' id='line_1_7' title="bbox 106 920 854 1009; baseline 0 -23"><span class='ocrx_word' id='word_1_38' title='bbox 106 920 205 1008; x_wconf 82' lang='lat' dir='ltr'>Ignari</span> <span class='ocrx_word' id='word_1_39' title='bbox 218 923 363 1009; x_wconf 84' lang='lat' dir='ltr'>instigant,</span> <span class='ocrx_word' id='word_1_40' title='bbox 377 924 529 1008; x_wconf 89' lang='lat' dir='ltr'>oculisque</span> <span class='ocrx_word' id='word_1_41' title='bbox 543 924 687 988; x_wconf 80' lang='lat' dir='ltr'>Acteona</span> <span class='ocrx_word' id='word_1_42' title='bbox 701 935 854 1007; x_wconf 75' lang='lat' dir='ltr'>querunt,</span> 
     </span>
    </p>

    <p class='ocr_par' dir='ltr' id='par_1_7' title="bbox 107 1022 876 1091">
     <span class='ocr_line' id='line_1_8' title="bbox 107 1022 876 1091; baseline -0.003 -2"><span class='ocrx_word' id='word_1_43' title='bbox 107 1022 151 1089; x_wconf 82' lang='lat' dir='ltr'>Et</span> <span class='ocrx_word' id='word_1_44' title='bbox 164 1025 246 1090; x_wconf 89' lang='lat' dir='ltr'>velut</span> <span class='ocrx_word' id='word_1_45' title='bbox 259 1026 414 1091; x_wconf 76' lang='lat' dir='ltr'>absentem</span> <span class='ocrx_word' id='word_1_46' title='bbox 428 1026 565 1091; x_wconf 87' lang='lat' dir='ltr'>certatim</span> <span class='ocrx_word' id='word_1_47' title='bbox 578 1026 723 1089; x_wconf 82' lang='lat' dir='ltr'>Acteona</span> <span class='ocrx_word' id='word_1_48' title='bbox 736 1025 876 1088; x_wconf 86' lang='lat' dir='ltr'>clamant.</span> 
     </span>
    </p>

    <p class='ocr_par' dir='ltr' id='par_1_8' title="bbox 106 1126 1085 1318">
     <span class='ocr_line' id='line_1_9' title="bbox 106 1126 1085 1215; baseline 0.001 -23"><span class='ocrx_word' id='word_1_49' title='bbox 106 1126 158 1192; x_wconf 83' lang='lat' dir='ltr'>Ad</span> <span class='ocrx_word' id='word_1_50' title='bbox 171 1149 282 1193; x_wconf 89' lang='lat' dir='ltr'>nomen</span> <span class='ocrx_word' id='word_1_51' title='bbox 291 1128 444 1215; x_wconf 85' lang='lat' dir='ltr'>caputille</span> <span class='ocrx_word' id='word_1_52' title='bbox 458 1127 570 1193; x_wconf 79' lang='lat' dir='ltr'>refert:</span> <span class='ocrx_word' id='word_1_53' title='bbox 592 1141 625 1191; x_wconf 90' lang='lat' dir='ltr'>ut</span> <span class='ocrx_word' id='word_1_54' title='bbox 639 1128 745 1192; x_wconf 76' lang='lat' dir='ltr'>abesse</span> <span class='ocrx_word' id='word_1_55' title='bbox 760 1141 932 1213; x_wconf 86' lang='lat' dir='ltr'>queruntur,</span> <span class='ocrx_word' id='word_1_56' title='bbox 1023 1134 1085 1193; x_wconf 79' lang='lat'>155</span> 
     </span>
     <span class='ocr_line' id='line_1_10' title="bbox 106 1229 867 1318; baseline -0.004 -22"><span class='ocrx_word' id='word_1_57' title='bbox 106 1229 177 1296; x_wconf 88' lang='lat' dir='ltr'>Nec</span> <span class='ocrx_word' id='word_1_58' title='bbox 187 1252 298 1318; x_wconf 88' lang='lat' dir='ltr'>capere</span> <span class='ocrx_word' id='word_1_59' title='bbox 308 1231 412 1298; x_wconf 77' lang='lat' dir='ltr'>oblata</span> <span class='ocrx_word' id='word_1_60' title='bbox 426 1251 551 1316; x_wconf 82' lang='lat' dir='ltr'>segnem</span> <span class='ocrx_word' id='word_1_61' title='bbox 565 1229 736 1315; x_wconf 85' lang='lat' dir='ltr'>spectacula</span> <span class='ocrx_word' id='word_1_62' title='bbox 748 1229 867 1315; x_wconf 77' lang='lat' dir='ltr'>prada.</span> 
     </span>
    </p>

    <p class='ocr_par' dir='ltr' id='par_1_9' title="bbox 106 1330 986 1418">
     <span class='ocr_line' id='line_1_11' title="bbox 106 1330 986 1418; baseline 0.003 -22"><span class='ocrx_word' id='word_1_63' title='bbox 106 1330 209 1398; x_wconf 80' lang='lat' dir='ltr'>Vellet</span> <span class='ocrx_word' id='word_1_64' title='bbox 221 1333 329 1399; x_wconf 88' lang='lat' dir='ltr'>abesse</span> <span class='ocrx_word' id='word_1_65' title='bbox 343 1332 488 1418; x_wconf 88' lang='lat' dir='ltr'>quidem;</span> <span class='ocrx_word' id='word_1_66' title='bbox 509 1333 565 1397; x_wconf 87' lang='lat' dir='ltr'>sed</span> <span class='ocrx_word' id='word_1_67' title='bbox 579 1332 686 1397; x_wconf 71' lang='lat' dir='ltr'>adest:</span> <span class='ocrx_word' id='word_1_68' title='bbox 708 1333 858 1417; x_wconf 88' lang='lat' dir='ltr'>velletque</span> <span class='ocrx_word' id='word_1_69' title='bbox 872 1331 986 1411; x_wconf 86' lang='lat' dir='ltr'>videre,</span> 
     </span>
    </p>

    <p class='ocr_par' dir='ltr' id='par_1_10' title="bbox 107 1433 856 1513">
     <span class='ocr_line' id='line_1_12' title="bbox 107 1433 856 1513; baseline -0.001 -14"><span class='ocrx_word' id='word_1_70' title='bbox 107 1433 179 1500; x_wconf 91' lang='lat' dir='ltr'>Non</span> <span class='ocrx_word' id='word_1_71' title='bbox 192 1435 283 1501; x_wconf 86' lang='lat' dir='ltr'>etiam</span> <span class='ocrx_word' id='word_1_72' title='bbox 297 1435 416 1513; x_wconf 88' lang='lat' dir='ltr'>sentire,</span> <span class='ocrx_word' id='word_1_73' title='bbox 431 1456 541 1501; x_wconf 88' lang='lat' dir='ltr'>canum</span> <span class='ocrx_word' id='word_1_74' title='bbox 554 1433 619 1499; x_wconf 80' lang='lat' dir='ltr'>fera</span> <span class='ocrx_word' id='word_1_75' title='bbox 632 1433 712 1499; x_wconf 83' lang='lat' dir='ltr'>lecta</span> <span class='ocrx_word' id='word_1_76' title='bbox 724 1456 856 1499; x_wconf 88' lang='lat' dir='ltr'>suorum.</span> 
     </span>
    </p>

    <p class='ocr_par' dir='ltr' id='par_1_11' title="bbox 105 1534 1085 1729">
     <span class='ocr_line' id='line_1_13' title="bbox 105 1534 956 1625; baseline 0.002 -23"><span class='ocrx_word' id='word_1_77' title='bbox 105 1534 249 1625; x_wconf 76' lang='lat' dir='ltr'>Undique</span> <span class='ocrx_word' id='word_1_78' title='bbox 260 1538 452 1605; x_wconf 70' lang='lat' dir='ltr'>circumstant</span> <span class='ocrx_word' id='word_1_79' title='bbox 464 1560 473 1603; x_wconf 76' lang='lat' dir='ltr'>c</span> <span class='ocrx_word' id='word_1_80' title='bbox 494 1538 658 1624; x_wconf 81' lang='lat' dir='ltr'>mersisque</span> <span class='ocrx_word' id='word_1_81' title='bbox 672 1537 703 1603; x_wconf 86' lang='lat' dir='ltr'>in</span> <span class='ocrx_word' id='word_1_82' title='bbox 715 1558 841 1624; x_wconf 88' lang='lat' dir='ltr'>corpore</span> <span class='ocrx_word' id='word_1_83' title='bbox 855 1537 956 1604; x_wconf 82' lang='lat' dir='ltr'>rosuis</span> 
     </span>
     <span class='ocr_line' id='line_1_14' title="bbox 107 1639 1085 1729; baseline 0.002 -22"><span class='ocrx_word' id='word_1_84' title='bbox 107 1639 361 1710; x_wconf 79' lang='lat' dir='ltr'>Dilacerantlalsi</span> <span class='ocrx_word' id='word_1_85' title='bbox 375 1644 530 1710; x_wconf 86' lang='lat' dir='ltr'>dominum</span> <span class='ocrx_word' id='word_1_86' title='bbox 543 1643 741 1729; x_wconf 83' lang='lat' dir='ltr'>subimagine</span> <span class='ocrx_word' id='word_1_87' title='bbox 756 1642 849 1717; x_wconf 85' lang='lat' dir='ltr'>cervi,</span> <span class='ocrx_word' id='word_1_88' title='bbox 1025 1645 1085 1709; x_wconf 77' lang='lat'>160</span> 
     </span>
    </p>
   </div>
   <div class='ocr_carea' id='block_1_3' title="bbox 321 1899 866 1950">
    <p class='ocr_par' dir='ltr' id='par_1_12' title="bbox 321 1899 866 1950">
     <span class='ocr_line' id='line_1_15' title="bbox 321 1899 866 1950; baseline 0.002 -4"><span class='ocrx_word' id='word_1_89' title='bbox 321 1899 438 1947; x_wconf 74' lang='lat' dir='ltr'>mm</span> <span class='ocrx_word' id='word_1_90' title='bbox 460 1902 497 1947; x_wconf 76' lang='lat' dir='ltr'>IN</span> <span class='ocrx_word' id='word_1_91' title='bbox 518 1902 707 1947; x_wconf 67' lang='lat' dir='ltr'>nstramus</span> <span class='ocrx_word' id='word_1_92' title='bbox 730 1902 866 1950; x_wconf 76' lang='lat' dir='ltr'>lssl&#39;l&#39;ffl.</span> 
     </span>
    </p>
   </div>
   <div class='ocr_carea' id='block_1_4' title="bbox 538 2110 667 2170">
    <p class='ocr_par' dir='ltr' id='par_1_13' title="bbox 538 2110 667 2170">
     <span class='ocr_line' id='line_1_16' title="bbox 538 2110 667 2170; baseline -0.016 0"><span class='ocrx_word' id='word_1_93' title='bbox 538 2127 568 2170; x_wconf 84' lang='lat' dir='ltr'>v.</span> <span class='ocrx_word' id='word_1_94' title='bbox 592 2110 667 2170; x_wconf 77' lang='lat'><strong>577.</strong></span> 
     </span>
    </p>
   </div>
   <div class='ocr_carea' id='block_1_5' title="bbox 104 2260 1084 3600">
    <p class='ocr_par' dir='ltr' id='par_1_14' title="bbox 104 2260 954 2455">
     <span class='ocr_line' id='line_1_17' title="bbox 104 2260 954 2353; baseline 0.004 -23"><span class='ocrx_word' id='word_1_95' title='bbox 104 2263 242 2353; x_wconf 78' lang='lat' dir='ltr'>Adspicit</span> <span class='ocrx_word' id='word_1_96' title='bbox 254 2263 335 2333; x_wconf 87' lang='lat' dir='ltr'>hunc</span> <span class='ocrx_word' id='word_1_97' title='bbox 349 2264 444 2331; x_wconf 87' lang='lat' dir='ltr'>oculis</span> <span class='ocrx_word' id='word_1_98' title='bbox 457 2260 624 2344; x_wconf 83' lang='lat' dir='ltr'>Pentheus,</span> <span class='ocrx_word' id='word_1_99' title='bbox 635 2285 712 2351; x_wconf 86' lang='lat' dir='ltr'>quos</span> <span class='ocrx_word' id='word_1_100' title='bbox 725 2265 769 2332; x_wconf 89' lang='lat' dir='ltr'>ira</span> <span class='ocrx_word' id='word_1_101' title='bbox 782 2265 954 2334; x_wconf 74' lang='lat' dir='ltr'>nemendos</span> 
     </span>
     <span class='ocr_line' id='line_1_18' title="bbox 107 2364 952 2455; baseline 0.004 -22"><span class='ocrx_word' id='word_1_102' title='bbox 107 2364 261 2433; x_wconf 79' lang='lat' dir='ltr'>Fecerat:</span> <span class='ocrx_word' id='word_1_103' title='bbox 283 2381 324 2445; x_wconf 85' lang='lat' dir='ltr'>ct,</span> <span class='ocrx_word' id='word_1_104' title='bbox 339 2387 511 2453; x_wconf 84' lang='lat' dir='ltr'>quanquam</span> <span class='ocrx_word' id='word_1_105' title='bbox 520 2389 617 2453; x_wconf 82' lang='lat' dir='ltr'>poenae</span> <span class='ocrx_word' id='word_1_106' title='bbox 631 2368 682 2435; x_wconf 83' lang='lat' dir='ltr'>vix</span> <span class='ocrx_word' id='word_1_107' title='bbox 691 2382 831 2455; x_wconf 75' lang='lat' dir='ltr'>tempora</span> <span class='ocrx_word' id='word_1_108' title='bbox 844 2368 952 2449; x_wconf 83' lang='lat' dir='ltr'>differt,</span> 
     </span>
    </p>

    <p class='ocr_par' dir='ltr' id='par_1_15' title="bbox 106 2467 826 2554">
     <span class='ocr_line' id='line_1_19' title="bbox 106 2467 826 2554; baseline 0.001 -19"><span class='ocrx_word' id='word_1_109' title='bbox 106 2467 158 2535; x_wconf 75' lang='lat'>‘0</span> <span class='ocrx_word' id='word_1_110' title='bbox 171 2468 313 2554; x_wconf 71' lang='lat' dir='ltr'>periure,</span> <span class='ocrx_word' id='word_1_111' title='bbox 326 2467 438 2552; x_wconf 73' lang='lat' dir='ltr'>estque</span> <span class='ocrx_word' id='word_1_112' title='bbox 453 2468 517 2532; x_wconf 80' lang='lat' dir='ltr'>aliis</span> <span class='ocrx_word' id='word_1_113' title='bbox 527 2468 708 2535; x_wconf 87' lang='lat' dir='ltr'>documenta</span> <span class='ocrx_word' id='word_1_114' title='bbox 721 2472 826 2536; x_wconf 82' lang='lat' dir='ltr'>datme</span> 
     </span>
    </p>

    <p class='ocr_par' dir='ltr' id='par_1_16' title="bbox 105 2569 996 2660">
     <span class='ocr_line' id='line_1_20' title="bbox 105 2569 996 2660; baseline 0.007 -23"><span class='ocrx_word' id='word_1_115' title='bbox 105 2569 216 2650; x_wconf 84' lang='lat' dir='ltr'>Morte,</span> <span class='ocrx_word' id='word_1_116' title='bbox 228 2572 237 2605; x_wconf 83' lang='lat'><strong>¹</strong></span> <span class='ocrx_word' id='word_1_117' title='bbox 251 2572 300 2649; x_wconf 84' lang='lat' dir='ltr'>air,</span> <span class='ocrx_word' id='word_1_118' title='bbox 316 2570 396 2637; x_wconf 87' lang='lat' dir='ltr'>‘ede</span> <span class='ocrx_word' id='word_1_119' title='bbox 409 2584 495 2637; x_wconf 85' lang='lat' dir='ltr'>tuum</span> <span class='ocrx_word' id='word_1_120' title='bbox 507 2592 628 2649; x_wconf 91' lang='lat' dir='ltr'>nomen,</span> <span class='ocrx_word' id='word_1_121' title='bbox 642 2594 812 2659; x_wconf 85' lang='lat' dir='ltr'>nomenque</span> <span class='ocrx_word' id='word_1_122' title='bbox 827 2576 996 2660; x_wconf 69' lang='lat' dir='ltr'>parentino,</span> 
     </span>
    </p>

    <p class='ocr_par' dir='ltr' id='par_1_17' title="bbox 105 2671 1082 2863">
     <span class='ocr_line' id='line_1_21' title="bbox 105 2671 1082 2765; baseline 0.004 -24"><span class='ocrx_word' id='word_1_123' title='bbox 105 2671 148 2741; x_wconf 83' lang='lat' dir='ltr'>Et</span> <span class='ocrx_word' id='word_1_124' title='bbox 161 2674 307 2762; x_wconf 81' lang='lat' dir='ltr'>patriam3</span> <span class='ocrx_word' id='word_1_125' title='bbox 327 2673 477 2765; x_wconf 82' lang='lat' dir='ltr'>morisque</span> <span class='ocrx_word' id='word_1_126' title='bbox 487 2673 555 2738; x_wconf 85' lang='lat' dir='ltr'>novi</span> <span class='ocrx_word' id='word_1_127' title='bbox 569 2695 623 2739; x_wconf 92' lang='lat' dir='ltr'>cur</span> <span class='ocrx_word' id='word_1_128' title='bbox 637 2694 722 2741; x_wconf 88' lang='lat' dir='ltr'>sacra</span> <span class='ocrx_word' id='word_1_129' title='bbox 735 2672 937 2762; x_wconf 62' lang='lat' dir='ltr'>frequentes)</span> <span class='ocrx_word' id='word_1_130' title='bbox 983 2679 1000 2695; x_wconf 84' lang='lat'><strong><em>¹</em></strong></span> <span class='ocrx_word' id='word_1_131' title='bbox 1023 2682 1082 2745; x_wconf 78' lang='lat'>165</span> 
     </span>
     <span class='ocr_line' id='line_1_22' title="bbox 107 2775 955 2863; baseline 0.004 -21"><span class='ocrx_word' id='word_1_132' title='bbox 107 2777 161 2842; x_wconf 89' lang='lat' dir='ltr'>Ille</span> <span class='ocrx_word' id='word_1_133' title='bbox 176 2790 259 2841; x_wconf 91' lang='lat' dir='ltr'>metu</span> <span class='ocrx_word' id='word_1_134' title='bbox 272 2797 395 2854; x_wconf 85' lang='lat' dir='ltr'>vacuus,</span> <span class='ocrx_word' id='word_1_135' title='bbox 412 2775 555 2841; x_wconf 91' lang='lat' dir='ltr'>‘Nomen</span> <span class='ocrx_word' id='word_1_136' title='bbox 568 2777 650 2855; x_wconf 88' lang='lat' dir='ltr'>mihi,</span> <span class='ocrx_word' id='word_1_137' title='bbox 663 2777 672 2808; x_wconf 89' lang='grc'><strong><em>’</em></strong></span> <span class='ocrx_word' id='word_1_138' title='bbox 687 2776 771 2856; x_wconf 80' lang='lat' dir='ltr'>dixit,</span> <span class='ocrx_word' id='word_1_139' title='bbox 787 2778 933 2846; x_wconf 84' lang='lat' dir='ltr'>‘Acoetes</span> <span class='ocrx_word' id='word_1_140' title='bbox 945 2804 955 2863; x_wconf 83' lang='lat'>3</span> 
     </span>
    </p>

    <p class='ocr_par' dir='ltr' id='par_1_18' title="bbox 107 2880 888 2970">
     <span class='ocr_line' id='line_1_23' title="bbox 107 2880 888 2970; baseline 0.004 -25"><span class='ocrx_word' id='word_1_141' title='bbox 107 2880 218 2959; x_wconf 81' lang='lat' dir='ltr'>Patria,</span> <span class='ocrx_word' id='word_1_142' title='bbox 234 2880 363 2947; x_wconf 85' lang='lat' dir='ltr'>Maeonia</span> <span class='ocrx_word' id='word_1_143' title='bbox 377 2896 443 2948; x_wconf 86' lang='lat' dir='ltr'>est=</span> <span class='ocrx_word' id='word_1_144' title='bbox 464 2883 567 2947; x_wconf 89' lang='lat' dir='ltr'>humili</span> <span class='ocrx_word' id='word_1_145' title='bbox 582 2884 621 2948; x_wconf 88' lang='lat' dir='ltr'>de</span> <span class='ocrx_word' id='word_1_146' title='bbox 634 2884 723 2969; x_wconf 88' lang='lat' dir='ltr'>plebe</span> <span class='ocrx_word' id='word_1_147' title='bbox 737 2900 888 2970; x_wconf 86' lang='lat' dir='ltr'>parentes.</span> 
     </span>
    </p>

    <p class='ocr_par' dir='ltr' id='par_1_19' title="bbox 105 2984 930 3182">
     <span class='ocr_line' id='line_1_24' title="bbox 106 2984 930 3078; baseline 0.004 -27"><span class='ocrx_word' id='word_1_148' title='bbox 106 2984 178 3052; x_wconf 89' lang='lat' dir='ltr'>Non</span> <span class='ocrx_word' id='word_1_149' title='bbox 191 2987 273 3067; x_wconf 89' lang='lat' dir='ltr'>mihi,</span> <span class='ocrx_word' id='word_1_150' title='bbox 285 3008 355 3074; x_wconf 81' lang='lat' dir='ltr'>quae</span> <span class='ocrx_word' id='word_1_151' title='bbox 370 2988 436 3055; x_wconf 92' lang='lat' dir='ltr'>duri</span> <span class='ocrx_word' id='word_1_152' title='bbox 450 2988 592 3068; x_wconf 75' lang='lat' dir='ltr'>solerent,</span> <span class='ocrx_word' id='word_1_153' title='bbox 606 3003 703 3075; x_wconf 85' lang='lat' dir='ltr'>pater,</span> <span class='ocrx_word' id='word_1_154' title='bbox 718 3012 789 3055; x_wconf 90' lang='lat' dir='ltr'>arva</span> <span class='ocrx_word' id='word_1_155' title='bbox 798 2991 930 3078; x_wconf 89' lang='lat' dir='ltr'>juvenci,</span> 
     </span>
     <span class='ocr_line' id='line_1_25' title="bbox 105 3090 872 3182; baseline 0.001 -25"><span class='ocrx_word' id='word_1_156' title='bbox 105 3090 306 3178; x_wconf 84' lang='lat' dir='ltr'>Lanigerosve</span> <span class='ocrx_word' id='word_1_157' title='bbox 320 3116 438 3181; x_wconf 81' lang='lat' dir='ltr'>greges,</span> <span class='ocrx_word' id='word_1_158' title='bbox 452 3118 512 3160; x_wconf 90' lang='lat' dir='ltr'>non</span> <span class='ocrx_word' id='word_1_159' title='bbox 527 3095 587 3161; x_wconf 91' lang='lat' dir='ltr'>ulla</span> <span class='ocrx_word' id='word_1_160' title='bbox 600 3113 734 3162; x_wconf 86' lang='lat' dir='ltr'>armentu</span> <span class='ocrx_word' id='word_1_161' title='bbox 747 3097 872 3182; x_wconf 88' lang='lat' dir='ltr'>reliquit.</span> 
     </span>
    </p>

    <p class='ocr_par' dir='ltr' id='par_1_20' title="bbox 105 3195 1084 3394">
     <span class='ocr_line' id='line_1_26' title="bbox 105 3195 1084 3287; baseline 0.007 -27"><span class='ocrx_word' id='word_1_162' title='bbox 105 3195 227 3283; x_wconf 85' lang='lat' dir='ltr'>Pauper</span> <span class='ocrx_word' id='word_1_163' title='bbox 242 3198 350 3283; x_wconf 89' lang='lat' dir='ltr'>etipse</span> <span class='ocrx_word' id='word_1_164' title='bbox 363 3197 440 3264; x_wconf 76' lang='lat' dir='ltr'>liritr</span> <span class='ocrx_word' id='word_1_165' title='bbox 461 3201 580 3287; x_wconf 88' lang='lat' dir='ltr'>linoque</span> <span class='ocrx_word' id='word_1_166' title='bbox 595 3201 855 3266; x_wconf 84' lang='lat' dir='ltr'>solebatethsmo</span> <span class='ocrx_word' id='word_1_167' title='bbox 1022 3212 1084 3268; x_wconf 81' lang='lat'>170</span> 
     </span>
     <span class='ocr_line' id='line_1_27' title="bbox 105 3300 842 3394; baseline 0.001 -27"><span class='ocrx_word' id='word_1_168' title='bbox 105 3300 269 3389; x_wconf 82' lang='lat' dir='ltr'>Decipere,</span> <span class='ocrx_word' id='word_1_169' title='bbox 283 3315 315 3368; x_wconf 89' lang='lat' dir='ltr'>et</span> <span class='ocrx_word' id='word_1_170' title='bbox 327 3303 444 3368; x_wconf 89' lang='lat' dir='ltr'>calamo</span> <span class='ocrx_word' id='word_1_171' title='bbox 458 3305 595 3370; x_wconf 78' lang='lat' dir='ltr'>salientes</span> <span class='ocrx_word' id='word_1_172' title='bbox 608 3305 720 3394; x_wconf 87' lang='lat' dir='ltr'>ducere</span> <span class='ocrx_word' id='word_1_173' title='bbox 734 3305 842 3391; x_wconf 82' lang='lat' dir='ltr'>pisces.</span> 
     </span>
    </p>

    <p class='ocr_par' dir='ltr' id='par_1_21' title="bbox 107 3408 898 3493">
     <span class='ocr_line' id='line_1_28' title="bbox 107 3408 898 3493; baseline 0 -19"><span class='ocrx_word' id='word_1_174' title='bbox 107 3408 167 3474; x_wconf 84' lang='lat' dir='ltr'>Ars</span> <span class='ocrx_word' id='word_1_175' title='bbox 179 3409 219 3472; x_wconf 91' lang='lat' dir='ltr'>illi</span> <span class='ocrx_word' id='word_1_176' title='bbox 234 3429 288 3473; x_wconf 90' lang='lat' dir='ltr'>sua</span> <span class='ocrx_word' id='word_1_177' title='bbox 301 3429 411 3474; x_wconf 86' lang='lat' dir='ltr'>census</span> <span class='ocrx_word' id='word_1_178' title='bbox 424 3424 498 3476; x_wconf 84' lang='lat' dir='ltr'>erat</span> <span class='ocrx_word' id='word_1_179' title='bbox 542 3409 625 3475; x_wconf 79' lang='lat' dir='ltr'>cum</span> <span class='ocrx_word' id='word_1_180' title='bbox 638 3411 769 3475; x_wconf 82' lang='lat' dir='ltr'>traderet</span> <span class='ocrx_word' id='word_1_181' title='bbox 783 3424 877 3477; x_wconf 85' lang='lat' dir='ltr'>artem</span> <span class='ocrx_word' id='word_1_182' title='bbox 889 3436 898 3493; x_wconf 83' lang='lat'><em>3</em></span> 
     </span>
    </p>

    <p class='ocr_par' dir='ltr' id='par_1_22' title="bbox 108 3513 931 3600">
     <span class='ocr_line' id='line_1_29' title="bbox 108 3513 931 3600; baseline 0.004 -20"><span class='ocrx_word' id='word_1_183' title='bbox 108 3519 128 3553; x_wconf 79' lang='lat'>‘⁸</span> <span class='ocrx_word' id='word_1_184' title='bbox 139 3513 266 3600; x_wconf 89' lang='lat' dir='ltr'>Accipe,</span> <span class='ocrx_word' id='word_1_185' title='bbox 280 3534 355 3600; x_wconf 84' lang='lat' dir='ltr'>quas</span> <span class='ocrx_word' id='word_1_186' title='bbox 367 3514 477 3594; x_wconf 84' lang='lat' dir='ltr'>habeo,</span> <span class='ocrx_word' id='word_1_187' title='bbox 492 3515 579 3580; x_wconf 87' lang='lat' dir='ltr'>studii</span> <span class='ocrx_word' id='word_1_188' title='bbox 593 3536 749 3581; x_wconf 85' lang='lat' dir='ltr'>successor</span> <span class='ocrx_word' id='word_1_189' title='bbox 762 3529 793 3580; x_wconf 91' lang='lat' dir='ltr'>et</span> <span class='ocrx_word' id='word_1_190' title='bbox 806 3517 931 3596; x_wconf 86' lang='lat' dir='ltr'>hae1·es,’&#39;</span> 
     </span>
    </p>
   </div>
   <div class='ocr_carea' id='block_1_6' title="bbox 106 3617 952 3712">
    <p class='ocr_par' dir='ltr' id='par_1_23' title="bbox 106 3617 952 3712">
     <span class='ocr_line' id='line_1_30' title="bbox 106 3617 952 3712; baseline 0.004 -27"><span class='ocrx_word' id='word_1_191' title='bbox 106 3617 202 3699; x_wconf 84' lang='lat' dir='ltr'>Dixit,</span> <span class='ocrx_word' id='word_1_192' title='bbox 218 3625 237 3660; x_wconf 90' lang='lat'>“</span> <span class='ocrx_word' id='word_1_193' title='bbox 248 3639 324 3706; x_wconf 83' lang='lat' dir='ltr'>opes</span> <span class='ocrx_word' id='word_1_194' title='bbox 335 3640 344 3683; x_wconf 74' lang='lat' dir='ltr'>c</span> <span class='ocrx_word' id='word_1_195' title='bbox 355 3618 374 3653; x_wconf 91' lang='lat'>”</span> <span class='ocrx_word' id='word_1_196' title='bbox 396 3619 583 3708; x_wconf 88' lang='lat' dir='ltr'>moriensque</span> <span class='ocrx_word' id='word_1_197' title='bbox 598 3620 751 3702; x_wconf 88' lang='lat' dir='ltr'>mihinihil</span> <span class='ocrx_word' id='word_1_198' title='bbox 764 3621 813 3687; x_wconf 89' lang='lat' dir='ltr'>ille</span> <span class='ocrx_word' id='word_1_199' title='bbox 828 3624 952 3712; x_wconf 79' lang='lat' dir='ltr'>reliquit,</span> 
     </span>
    </p>
   </div>
   <div class='ocr_carea' id='block_1_7' title="bbox 0 0 1136 4042">
    <p class='ocr_par' dir='ltr' id='par_1_24' title="bbox 0 0 1136 4042">
     <span class='ocr_line' id='line_1_31' title="bbox 0 0 1136 4042; baseline 0 1"><span class='ocrx_word' id='word_1_200' title='bbox 0 0 1136 4042; x_wconf 95' lang='lat' dir='ltr'> </span> 
     </span>
    </p>
   </div>
  </div>
 </body>
</html>
