2264 4042
72 218 132 280 164
445 206 645 267 molnes.

69 369 168 434 Omne
183 370 256 433 latus
270 382 352 432 terre
367 369 455 451 cingit
468 388 560 431 mare.
606 366 714 430 Navita
728 382 895 447 nusquam:

112 475 202 539 Nulla
215 496 269 558 per
284 474 434 557 ambiguas
447 473 553 557 puppis
567 472 640 534 itura
654 471 725 533 vias.

70 578 164 662 Finge
179 578 241 642 dari
256 579 436 661 comitesque
451 577 531 654 mihi,
546 590 717 659 ventosque,
731 587 884 657 ratemque
897 596 907 652 3

112 682 195 757 Quid
209 681 339 767 sequar?
355 683 503 746 Accessus
516 696 592 745 terra
606 693 727 765 paterne
741 691 838 760 negat.

69 786 113 851 Ut
123 802 185 852 rate
199 787 277 853 felici
290 802 396 872 pacata
410 810 464 872 per
478 809 595 871 aequora
614 787 714 863 labar3
996 786 1034 845 65

112 892 278 977 Temperet
291 906 324 955 ut
336 907 437 956 ventos
451 893 556 954 AEolus
568 914 577 971 3
591 891 676 954 exsul
690 911 752 953 ero.

70 996 141 1061 Non
156 1017 212 1079 ego
225 1010 266 1073 te,
281 997 385 1074 Crete,
400 1010 518 1060 centum
533 997 645 1078 digesta
659 1016 712 1078 per
733 993 831 1067 urbes,

116 1100 297 1185 Adspiciam,
311 1123 404 1185 puero
418 1100 533 1183 cognita
547 1115 624 1163 terra
640 1099 718 1161 lovi.

72 1205 153 1271 Nam
168 1221 259 1289 pater,
274 1220 305 1269 et
317 1207 403 1269 tellus
411 1205 491 1290 justo
505 1217 623 1287 regnata
638 1203 761 1286 parenti,

116 1311 238 1374 Prodita
252 1325 318 1374 sunt
332 1310 418 1386 sacto,
433 1310 551 1373 uomina
565 1330 644 1384 cara,
662 1330 740 1370 meo.

73 1414 155 1478 Cium
169 1416 231 1492 tibi,
245 1437 283 1478 ne
297 1417 388 1478 victor
401 1428 480 1478 tecto
495 1435 642 1477 morerere
656 1433 791 1488 recurvo,

117 1520 194 1594 Qua
209 1535 343 1603 regerent
358 1541 460 1605 passus
474 1541 527 1602 pro
542 1519 619 1580 duce
633 1518 683 1579 fila
703 1516 784 1579 dedi.

74 1623 156 1689 Ciuu
169 1626 240 1688 mihi
254 1626 384 1701 dicebas,
399 1623 479 1687 ‘Per
494 1646 550 1708 ego
563 1624 625 1707 ipsa
639 1622 768 1707 pericula
777 1621 857 1707 juro,

117 1728 167 1791 Te
182 1726 255 1804 sore,
270 1730 342 1791 dum
356 1728 487 1791 nostrum
501 1729 578 1789 vivet
591 1741 723 1808 uterque,
739 1727 860 1787 meam)

76 1829 229 1893 Vivimus:
251 1847 282 1893 et
295 1855 353 1893 non
369 1854 445 1906 sum,
459 1831 594 1906 Theseu,
610 1847 658 1892 tua
671 1852 679 1890 τ
694 1830 717 1891 si
732 1830 823 1891 modd
838 1831 919 1907 vivis,
999 1836 1038 1894 tt

121 1931 268 2009 Foemina,
282 1934 389 2017 perjuri
404 1933 507 1996 sraude
522 1935 634 2017 sepulta
649 1934 710 1996 viri.

77 2037 131 2100 Me
143 2058 270 2121 quoque,
285 2040 344 2121 qud
357 2037 485 2114 fratrem,
501 2038 670 2113 mactdsses,
684 2038 828 2127 improbe,
843 2039 940 2103 clava.

122 2141 221 2219 Esset,
236 2165 324 2226 quam
339 2142 474 2219 dederas,
488 2157 581 2206 morte
596 2144 689 2207 soluta
702 2143 787 2207 fides.

79 2246 169 2311 Nunc
184 2268 239 2330 ego
253 2270 311 2310 non
325 2248 447 2324 tantiam,
462 2267 525 2330 que
541 2269 606 2310 sum
621 2269 749 2331 passura,
763 2247 926 2328 recordor3

125 2352 186 2415 Sed
202 2373 383 2435 quaecunque
398 2366 493 2436 potest
507 2354 565 2416 ulla
576 2354 675 2416 relicta
691 2352 760 2436 pati.
1002 2359 1041 2418 80

82 2455 250 2520 Occurrunt
264 2458 360 2519 aninro
373 2458 515 2539 pereundi
529 2459 607 2520 mille
622 2457 719 2541 ffgurae
733 2480 741 2519 ε

124 2559 265 2641 Morsque
281 2560 375 2620 minus
388 2580 493 2641 poenae,
509 2561 597 2643 qulam
611 2583 693 2623 mora
714 2563 823 2638 mortis,
838 2562 936 2629 habet.

81 2661 150 2725 Jam
167 2663 231 2745 jam
245 2677 381 2724 venturos
395 2676 444 2724 aut
458 2662 525 2738 hirc,
540 2679 590 2725 aut
604 2665 736 2747 suspicor
749 2665 826 2742 illito,

126 2764 187 2837 Qui
203 2765 310 2829 lanient
325 2766 410 2827 avido
424 2767 537 2829 viscere
551 2768 650 2844 dente,
665 2769 761 2852 lupos,

82 2866 218 2932 Forsitan
232 2882 262 2932 et
275 2868 367 2931 sulvos
381 2870 465 2933 tellus
479 2871 535 2934 alat
549 2872 602 2934 ista
618 2873 728 2937 leones
1004 2884 1045 2945 tt

127 2971 204 3046 Quis
218 2973 282 3049 scit,
298 2996 334 3035 an
348 2975 411 3038 haec
426 2996 516 3038 saevas
530 2976 648 3059 tigridas
661 2979 753 3041 insula
763 2980 876 3044 habet?

85 3074 128 3139 Et
141 3074 214 3139 freta
228 3077 361 3141 dicuntur
375 3102 495 3164 magnas
510 3082 657 3164 expellere
672 3085 791 3167 phocas.

3 3170 11 3185 ⁸
129 3180 211 3253 Quid
227 3196 304 3245 vetat
318 3197 348 3245 et
361 3184 472 3266 gladios
486 3187 627 3269 perlatus
641 3189 683 3251 ire
699 3189 823 3252 meum?

85 3283 216 3349 Tantum
230 3307 267 3347 ne
282 3287 387 3369 religer
400 3288 474 3350 duria
487 3291 601 3373 captiva
615 3292 720 3354 cateud
732 3315 741 3371 3

129 3387 217 3451 Neve
230 3391 342 3450 traham
358 3391 443 3452 serva
456 3394 575 3473 grandia
588 3416 679 3476 pensu
694 3417 781 3458 mauu
795 3421 803 3459 :
1007 3406 1048 3466 90

87 3493 146 3558 Cui
160 3505 242 3575 pater
253 3507 297 3554 est
311 3493 419 3571 Minos,
434 3497 482 3557 cui
496 3514 589 3561 mater
603 3498 660 3560 filia
674 3498 803 3565 Phoebi:

126 3595 279 3682 Quodque
292 3595 388 3683 magis
402 3601 533 3678 memini,
548 3622 612 3686 quae
626 3603 678 3667 tihi
689 3622 779 3690 pacta
789 3607 843 3670 lui.
