2264 4042
362 260 478 319 Idm
494 262 545 319 IX

49 423 66 486 d
82 423 166 487 aliter
181 419 319 506 graditur,
335 421 423 506 quim
438 421 462 484 si
475 420 622 485 venabula
635 419 717 503 tigris

49 552 108 594 rore
122 529 184 592 fixa
198 541 290 613 gerat,
305 527 435 612 factique
449 525 589 612 refugerit
603 540 716 590 auctor.

49 658 59 699 s
74 636 155 699 illum
171 635 296 718 gemitus
310 634 461 710 edentem,
476 655 555 718 saepe
570 632 757 710 frementem,
904 632 946 692 to

49 764 59 805 3
74 754 270 805 retentantem
284 754 360 804 totas
374 739 536 823 infringere
545 753 653 817 vestes,

49 862 219 932 rentemque
235 849 343 922 trabes,
357 847 595 930 irascentemque
609 846 726 909 videres

49 955 132 1031 tibus,
142 968 193 1016 aut
206 953 301 1036 patrio
315 952 487 1016 tendentem
501 952 626 1015 brachia·
635 953 724 1016 coelo.

49 1060 176 1123 rboribus
191 1058 284 1135 caesis,
301 1080 373 1143 quas
387 1059 481 1121 ardua
495 1071 627 1141 gesserat
640 1056 726 1135 (Eua,

49 1188 64 1229 e
79 1187 183 1250 pyram
199 1165 325 1240 structis,
340 1184 427 1227 arcus
441 1164 669 1247 pharetramque
684 1185 840 1248 capacem,
905 1166 946 1224 tt

49 1292 138 1355 raque
149 1271 261 1333 visuras
274 1270 382 1332 iterum
395 1268 528 1354 Trojana
543 1270 672 1353 sagittas,

49 1400 68 1441 e
79 1377 169 1463 jubes
183 1375 305 1438 Paeante
322 1390 417 1445 satum
431 1397 439 1436 ε
462 1396 520 1458 quo
532 1374 653 1439 flamme
667 1377 798 1441 ministro

49 1483 116 1546 lita:
140 1484 271 1566 dumque
286 1481 378 1544 avidis
392 1483 613 1564 comprenditur
627 1483 742 1565 ignibus
753 1505 863 1568 agger3

49 1589 152 1672 geriem
167 1589 244 1650 silvae
260 1587 406 1676 Nemeaeo
420 1585 529 1648 vellere
545 1607 692 1649 summam

49 1695 107 1756 ris:
130 1706 160 1754 et
173 1690 310 1777 impositi
324 1692 414 1754 clavoe
429 1692 545 1754 cervice
561 1693 719 1772 recumbis,
907 1699 948 1761 80

49 1800 62 1863 l
79 1799 135 1862 alio
149 1799 241 1874 vultu,
258 1796 346 1881 quim
362 1797 385 1860 si
398 1796 522 1861 convive
531 1798 661 1884 jacereS,

63 1906 152 1989 plena
166 1903 240 1966 meri
255 1903 408 1967 redimitus
422 1905 530 1988 pocula
544 1906 638 1970 sertis.

49 2031 142 2094 mque
156 2010 267 2086 valens,
283 2010 356 2072 etin
370 2032 459 2073 omne
474 2011 550 2074 latus
565 2012 672 2077 diffirsa
687 2016 819 2092 sonabat,

49 2138 160 2200 uosque
176 2130 264 2193 artus,
280 2128 574 2200 contemptoremque
589 2118 709 2201 petebat

49 2245 110 2286 rma
124 2244 220 2285 suum.
266 2220 411 2283 Timudre
427 2221 476 2282 dei
490 2243 545 2304 pro
559 2221 675 2285 vindice
690 2238 786 2286 terrae.
907 2226 948 2288 85

49 2351 58 2392 s
72 2329 112 2393 ita
129 2327 233 2413 (sensit
248 2325 341 2411 enim)
357 2327 424 2387 laeto
440 2324 594 2388 Saturnius
608 2347 661 2389 ore

49 2456 85 2496 cr
100 2433 277 2516 alloquitur:
299 2430 431 2494 ‘Nostra
446 2444 491 2493 est
505 2431 592 2494 timor
606 2432 661 2495 iste
676 2435 820 2520 voluptas,

49 2540 137 2625 rperi:
160 2551 279 2622 totoque
294 2536 388 2601 libens
402 2537 472 2600 mihi
486 2551 607 2622 pectore
622 2555 729 2623 grator,

49 2647 65 2709 d
77 2645 217 2709 memoris
231 2645 331 2729 populi
346 2645 427 2707 dicor
441 2659 597 2729 rectorque
612 2661 778 2732 paterque:

49 2773 101 2815 aea
115 2751 270 2835 progenies
284 2765 381 2814 vestro
397 2772 515 2835 quoque
529 2766 590 2816 tuta
606 2752 706 2817 favore
722 2768 776 2818 est.
908 2759 950 2823 90

49 2886 53 2921 r
70 2879 238 2942 quanquam
253 2858 343 2941 ipsius
359 2859 443 2920 datur
458 2859 515 2921 hoc
530 2860 706 2922 immanibus
721 2861 814 2941 actis3

49 2987 97 3049 gor
110 2964 174 3048 ipse
188 2976 299 3026 tamen.
346 2963 409 3025 Sed
425 2963 514 3040 enim,
529 2987 568 3026 ne
583 2981 704 3048 pectora
719 2987 796 3028 vano

49 3123 51 3132 ,
66 3084 148 3132 metu
163 3082 300 3153 paveant,
315 3067 431 3131 OEtaeas
445 3070 572 3152 spernite
591 3069 735 3151 flammas.

49 3176 84 3238 ria
100 3176 147 3259 qni
164 3175 241 3253 vicit,
256 3174 364 3250 vincet,
380 3194 454 3258 quos
468 3175 595 3252 cernitis,
611 3176 702 3258 ignes,

57 3282 111 3344 nisi
126 3281 260 3344 matemd
274 3278 442 3344 Vulcanum
457 3294 540 3366 parte
554 3296 705 3367 potentem
908 3291 948 3353 95

48 3390 98 3452 iet.
143 3388 300 3451 AEtemum
316 3402 370 3465 est,
386 3410 404 3450 a
417 3409 467 3450 me
482 3388 561 3472 quod
577 3390 674 3469 traxit,
689 3405 720 3454 et
733 3410 854 3477 expers,

49 3517 74 3557 re
88 3495 219 3557 immune
234 3495 325 3571 necis,
340 3493 479 3579 nullique
495 3494 642 3560 domabile
657 3497 787 3562 flammi.

50 3623 67 3664 e
84 3622 140 3682 ego
156 3598 327 3663 defunctum
343 3599 421 3665 terri
432 3601 605 3670 coelestibua
619 3606 681 3670 oris

49 3705 129 3778 riam,
146 3705 323 3793 cunctisque
339 3730 449 3777 meum
464 3713 602 3782 laetabile
614 3712 742 3780 iactum
