2264 4042
383 251 452 306 LIB.
472 249 521 305 IV.
546 247 685 302 nunaut
704 246 739 301 X.
878 248 885 265 '
968 246 1030 310 188

63 407 98 469 Si
113 421 212 469 tamen
227 408 375 470 exstinctis
390 407 508 490 aliquid,
522 406 575 468 nisi
590 406 719 480 nomina,
733 415 831 480 restat,
989 403 1029 461 at

107 512 149 576 Et
164 514 278 596 gracilis
293 528 415 576 structos
430 513 532 596 effugit
547 512 650 574 umbra
664 532 773 594 rog0s3

62 616 169 694 Fama,
187 620 358 702 parentales,
375 620 398 681 si
412 641 465 681 vos
481 639 549 680 mea
562 617 689 698 contigit,
706 617 815 679 umbrae
833 638 843 694 3

105 723 148 786 Et
161 737 226 786 sunt
239 726 268 787 in
285 725 388 808 Stygio
400 725 523 787 crimina
536 736 635 786 nostro
649 721 731 801 l0r03

63 829 155 905 Scite,
170 852 286 912 precor,
302 851 422 892 causam
440 828 510 913 (neo
524 850 577 891 vos
592 828 662 889 mihi
677 826 777 889 fallere
792 825 836 890 fas
851 824 909 910 est)

107 935 249 998 Errorem
259 936 359 1020 jussae,
374 957 432 997 non
448 936 554 1011 scelus,
570 956 636 997 csse
652 932 737 1017 lugae.
988 933 1030 992 90

68 1040 207 1104 Manibus
221 1043 251 1103 id
268 1042 336 1103 satis
351 1055 403 1103 est.
450 1041 498 1103 Ad
513 1063 564 1102 vos
580 1040 709 1103 studiosa
721 1051 853 1103 revertor

106 1144 246 1222 Pectora,
262 1148 310 1229 qui
325 1148 388 1209 vitae
405 1147 527 1231 quaeritis
543 1161 609 1210 acta
623 1168 708 1208 meae.

60 1247 131 1311 Jam
146 1252 215 1312 mibi
230 1252 359 1328 canities,
377 1252 464 1336 pulsis
478 1252 647 1314 melioribus
662 1250 753 1325 annia,

105 1354 256 1435 Venerat3
279 1358 409 1439 antiquas
424 1358 640 1439 miscueratque
655 1376 775 1419 comasz

62 1461 194 1544 Postque
209 1483 292 1523 meos
306 1476 385 1522 ortus
400 1460 497 1522 Pisaea
510 1462 625 1523 vinctus
638 1461 715 1524 olivb

105 1567 276 1628 Abstulerat
291 1567 391 1628 decies
405 1566 524 1648 praemia
538 1566 631 1627 victor
646 1586 739 1647 equus
751 1588 761 1643 3

59 1669 146 1734 Ciam
162 1671 250 1732 maris
264 1669 376 1732 Euxini
391 1671 500 1753 positos
515 1670 552 1732 ad
567 1671 639 1732 laeva
653 1668 789 1734 Tomitas

105 1775 250 1848 Quaerere
265 1797 314 1837 me
328 1776 387 1838 laesi
403 1775 548 1859 Principis
562 1777 604 1838 ira
613 1775 708 1862 jubet.

59 1881 163 1945 Causa
178 1903 251 1943 meae
267 1881 378 1944 cunctis
392 1882 511 1944 nimium
528 1903 645 1966 quoque
659 1897 728 1947 nota
742 1884 834 1948 ruinae
933 1922 936 1927 >

104 1985 218 2048 Indicio
232 2009 289 2048 non
305 2002 348 2049 est
362 1988 544 2052 testificanda
559 2012 636 2053 meo.
970 1996 1030 2055 100

60 2091 144 2166 Quid
159 2089 284 2154 reseram
300 2093 498 2176 comitumque
513 2093 606 2169 nefas,
621 2094 804 2177 famulosque
819 2095 985 2161 nocentes?

104 2197 174 2281 Ipsi
188 2197 279 2260 multa
293 2198 343 2259 tuli
358 2220 416 2260 non
430 2199 541 2260 leviora
554 2197 634 2280 fugi.
976 2200 979 2205 ’

59 2300 214 2384 Indignata
228 2304 311 2364 malis
326 2324 411 2365 mens
425 2317 470 2364 est
485 2304 701 2381 succumbere3
723 2324 815 2386 seque

105 2406 242 2471 Praestitit
255 2408 392 2469 invictam
407 2407 514 2469 viribus
528 2429 582 2470 usa
597 2407 673 2469 suis:

60 2510 237 2596 Oblitusque
252 2527 337 2594 togae,
355 2512 509 2594 ductaeque
525 2534 578 2596 per
592 2514 651 2575 otia
667 2514 740 2590 vitas,
968 2523 1026 2580 105

103 2617 221 2685 Insolitb
236 2618 302 2700 cepi
317 2619 456 2700 temporis
472 2640 552 2681 arma
567 2642 666 2682 manu.

59 2720 180 2806 Totque
196 2723 246 2784 tuli
261 2723 339 2785 terrai
354 2747 440 2787 casus
454 2726 619 2808 pelagoque
632 2749 642 2804 ;
664 2741 735 2809 quot
748 2728 821 2790 inter

103 2829 264 2892 Occultum
280 2832 367 2892 stellae
383 2831 633 2914 conspicuumque
648 2834 758 2915 polum.

57 2934 157 2997 Tacta
173 2936 241 2997 milri
257 2938 375 2998 tandem
390 2938 482 3019 longis
497 2939 641 3000 erroribus
656 2954 722 3000 acto

101 3039 210 3104 Jurrcta
224 3043 394 3124 pharetratis
411 3043 551 3104 Sarmatis
565 3064 616 3103 ora
633 3043 726 3104 Getis.
966 3049 1026 3108 110

58 3144 122 3209 Hic
138 3168 203 3228 ego,
219 3147 346 3208 finitimis
362 3148 493 3230 quamvis
508 3147 708 3210 circumsoner
723 3151 819 3223 armis,

102 3251 221 3326 Tristia,
238 3273 295 3333 quo
311 3274 439 3335 possum,
456 3252 585 3313 carmine
600 3251 659 3314 sata
673 3255 748 3317 levo.

56 3355 161 3430 Quod,
178 3357 310 3438 quamvis
324 3379 412 3450 nemo
428 3372 481 3432 est,
497 3357 579 3441 cujus
594 3357 736 3422 reseratur
752 3363 789 3425 ad
805 3384 912 3445 aures3

103 3461 155 3522 Sic
170 3475 268 3523 tamen
283 3462 403 3523 absumo
418 3464 592 3548 decipioque
608 3465 697 3527 diem.

55 3566 152 3648 Ergo,
168 3567 247 3650 qubd
261 3568 336 3643 vivo,
353 3568 490 3652 durisque
505 3571 651 3634 laboribus
665 3575 759 3650 obsto,
965 3580 1026 3636 tls

98 3672 168 3734 Nec
180 3694 231 3733 me
244 3674 373 3736 sollicitae
390 3675 475 3740 taedia
490 3676 566 3742 lucis
580 3679 708 3758 habent,
