2264 4042
345 252 361 301 Ι.
476 206 590 264 monn
608 207 631 263 1.
1009 213 1047 274 11

72 367 344 456 Indejecta·malo;
366 366 484 430 cuhnen
498 380 598 430 tamen
609 364 692 428 altior
706 363 793 451 hujus
985 363 1075 533 M

59 473 166 554 'Unda
180 473 262 558 tegit,
276 493 445 558 presseque
456 467 622 535 labant'sub
637 471 751 555 gurgite
765 483 870 534 turres.

117 579 245 664 Jamque
260 599 343 642 mare
359 591 390 642 et
402 577 488 642 tellus
501 577 613 640 nullum
629 577 786 640 discrimen
799 574 960 640 habehant.

75 685 186 750 Omnia
199 697 306 769 pontus
320 696 414 747 erant.
459 680 595 746 Deerant
608 702 727 766 quoque
740 681 835 747 littora
849 694 949 766 ponto.

74 786 217 870 Occupat
229 785 278 848 hic
291 785 400 848 collem
414 806 422 846 ε
444 783 556 868 cymhd
570 783 656 846 sedet
665 783 738 847 alter
752 782 879 860 admei,

75 891 119 956 Et
133 891 215 955 ducit
228 895 327 955 remos
340 889 410 967 illic,
425 891 475 955 ubi
488 912 584 976 nuper
598 892 704 955 ardrat.
1040 946 1044 953 .

77 997 131 1061 llle
146 1018 235 1082 supra
247 994 376 1081 segetes,
392 1011 443 1060 aut
455 1019 560 1062 mersae
574 997 703 1061 culmina
716 997 790 1061 villa
988 997 1052 1061 29⁶
1119 1001 1120 1009 ’

76 1101 226 1186 Navigat:
248 1102 297 1164 hic
311 1101 428 1165 summai
441 1103 555 1187 piscem
571 1102 726 1187 deprendit
739 1102 769 1165 in
784 1101 875 1166 ulmo.

79 1204 195 1290 Figitur
208 1205 239 1268 in
252 1205 336 1267 viridi
352 1203 391 1290 (si
404 1204 464 1288 fors
477 1205 554 1292 tulit)
568 1207 698 1270 anchora
711 1219 796 1291 prato
809 1227 817 1267 ε

76 1311 139 1375 Aut
153 1309 286 1395 subjecta
299 1320 397 1373 teumt
410 1331 507 1374 curve
522 1310 620 1374 vineta
634 1311 752 1374 carine.
777 1291 780 1299 ’

77 1414 129 1493 Et,
144 1415 235 1479 modd
250 1413 314 1500 quir
323 1415 446 1498 graciles
460 1437 582 1499 gramen
597 1417 736 1501 carpsdre
751 1414 882 1500 capellae,

76 1520 169 1584 Nunc
183 1521 223 1583 ibi
238 1520 388 1584 deformes
401 1535 513 1604 ponunt
524 1543 578 1583 sua
591 1542 718 1602 corpora
731 1522 847 1603 phocae.
991 1520 1056 1583 300

77 1623 222 1688 Mirantur
234 1626 288 1688 sub
303 1622 383 1708 aqud
396 1624 489 1700 lucos,
504 1624 662 1708 urbesque,
679 1624 842 1709 domosque

79 1728 252 1794 Nereides:
275 1729 420 1813 silvasque
435 1742 536 1792 tenent
550 1730 713 1813 delphines,
729 1744 759 1794 et
774 1730 838 1794 altis

79 1832 234 1898 lncursant
247 1835 346 1911 ramis,
362 1834 526 1918 agitataque
541 1836 648 1902 robora
662 1837 793 1922 pulsant,

79 1939 142 2003 Nat
154 1939 331 2032 lupusinter
345 1962 437 2004 oves:
459 1939 553 2005 fulvos
568 1943 647 2005 vehit
662 1943 741 2006 unda
754 1943 877 2006 leones:

77 2042 170 2107 Uiida
184 2045 264 2107 vehit
278 2046 366 2130 tigres
382 2070 390 2108 r
413 2069 470 2110 nec
485 2047 562 2109 vires
577 2046 704 2111 fulminis
720 2069 801 2132 apro,
991 2051 1054 2112 305

49 2158 52 2162 ’
79 2147 179 2213 Crura
192 2172 249 2213 nec
265 2152 362 2214 ablato
376 2167 498 2235 prosunt
511 2152 626 2215 velocia
640 2175 740 2216 cervo.

81 2249 280 2335 Quaesitisque
292 2254 342 2316 diu
357 2255 451 2330 terris,
460 2254 509 2317 uhi
525 2254 622 2315 sidere
638 2255 734 2329 detur,

80 2351 117 2417 In
130 2376 213 2417 mare
228 2355 340 2418 lassatis
354 2355 482 2416 volucris
496 2375 573 2436 vaga
587 2353 697 2416 decidit
708 2354 770 2418 alis.

83 2458 233 2523 Obruerat
248 2460 376 2523 tumulos
390 2460 535 2522 immensa
550 2459 666 2524 licentia
677 2462 767 2544 ponti,

82 2561 304 2649 Pulsabsntque
319 2565 386 2629 novi
401 2580 539 2628 montana
553 2549 711 2630 cacumina
725 2567 842 2632 fluctus.
994 2573 1058 2634 310

82 2665 219 2733 Maxima
232 2691 300 2754 pars
316 2669 396 2732 undh
410 2671 538 2754 rapitur:
562 2672 667 2754 quibus
681 2673 762 2735 unda
776 2675 919 2759 pepercit,

83 2772 152 2837 lllos
162 2775 250 2859 longa
266 2776 387 2839 domant
401 2776 480 2859 inopi
490 2775 602 2861 jejunia
615 2778 705 2840 victu.

127 2864 258 2964 Separat
271 2882 384 2945 Aiinios
401 2883 508 2945 Actaeis
523 2883 634 2946 Phocis
650 2885 686 2947 ab
703 2887 787 2962 arvis,

83 2986 182 3051 Terra
197 2986 290 3065 ferax,
307 2989 378 3052 dum
391 3005 470 3052 terra
485 2988 557 3066 suit;
580 2990 633 3051 sed
648 3004 783 3073 tempore
797 2990 827 3053 in
841 2993 890 3055 illo

59 3134 67 3146 ·
86 3088 163 3153 Pars
178 3080 277 3167 maris,
293 3104 323 3154 et
337 3091 412 3156 latus
429 3090 590 3153 subitarum
604 3112 727 3174 campus
743 3113 895 3176 aquarum.
999 3101 1062 3161 315

85 3194 175 3259 Mons
190 3196 228 3258 ibi
243 3197 400 3259 verticibus
414 3197 487 3280 petit
503 3195 612 3258 arduus
628 3210 704 3259 astra
719 3197 844 3277 duobus,

86 3299 217 3365 Nomina
233 3301 407 3378 Parnassus,
423 3318 600 3385 superatque
615 3301 770 3365 cacumine
786 3306 890 3369 nubes.

88 3405 151 3470 Hic
167 3406 217 3470 ubi
231 3405 399 3469 Deucalion
416 3405 498 3490 (nam
514 3420 621 3469 caetera
636 3421 752 3470 texerat
767 3410 879 3495 aequor)

87 3509 169 3575 Cum
185 3525 322 3573 consorte
333 3511 387 3574 tori
403 3510 572 3594 parvitate
588 3524 691 3575 vectus
707 3513 849 3593 adhaesit,

88 3613 256 3700 Corycidas
270 3616 425 3698 nymphas,
438 3630 468 3678 et
481 3616 601 3680 numina
615 3616 720 3680 montis
736 3618 867 3695 adorant,
1002 3626 1069 3685 320>
