2264 4042
99 220 142 280 24
390 209 767 269 Mmfflottrrrosnorv

99 371 171 438 Non
184 384 285 436 temen
298 366 421 455 ignifero
434 371 589 456 quisquam
603 372 763 437 consistere
777 371 807 435 in
822 393 880 437 axe

97 475 152 540 Me
165 476 244 540 valet
257 489 396 561 excepto.
440 471 524 540 Vasti
539 497 657 562 quoque
669 489 769 542 rector
782 475 916 564 Olympi,

96 582 160 659 Qui
174 581 237 646 sera
250 581 367 646 terribili
376 581 524 669 jaculatur
538 580 660 646 fulmina
673 581 789 661 dextri,
1028 589 1074 652 60

95 688 167 754 Non
181 701 249 773 agat
262 687 317 752 hos
330 709 454 753 currus:
476 701 507 752 et
521 688 592 772 quid
604 685 682 752 Jove
696 688 791 774 majus
804 687 974 756 habemus?

93 795 198 861 Ardua
212 794 307 880 pn'ma
320 794 368 859 vie
382 807 445 859 est:
467 807 498 859 et
512 792 572 878 quit
584 793 635 857 vix
649 795 738 858 manle
751 808 888 860 recentes

94 895 250 967 Enitantur
264 901 351 986 equi:
372 901 473 966 medio
487 915 533 965 est
546 901 684 966 altissima
694 902 773 966 coelo
784 923 794 983 3

93 1004 184 1071 Unde
198 1028 281 1073 mare
296 1020 328 1071 et
339 1020 432 1072 terras
446 1005 501 1092 ipsi
514 1006 586 1070 mihi
600 1028 679 1092 sepe
692 1006 794 1073 videre

92 1112 144 1180 Fit
156 1115 253 1192 timor,
268 1127 299 1177 et
312 1111 420 1199 pavidi
432 1111 560 1198 trepidat
572 1110 727 1177 formidine
741 1128 856 1200 pectus.

90 1217 203 1282 Ultima
216 1239 310 1304 prona
323 1218 371 1282 via
385 1231 451 1297 est;
473 1231 503 1282 et
518 1230 587 1302 eget
599 1218 803 1283 moderamine
817 1233 911 1285 certo.

89 1324 180 1391 Tunc
195 1324 294 1402 etiam,
310 1346 374 1409 quae
385 1345 436 1387 me
450 1323 589 1410 subjectis
603 1325 715 1411 exeipit
727 1326 823 1404 mdis,

87 1429 140 1496 Ne
155 1429 233 1495 ferar
246 1431 275 1493 in
290 1450 433 1516 preceps,
447 1428 565 1514 Tethys
579 1429 654 1494 solet
666 1430 731 1516 ipss
743 1431 849 1495 vereri.

89 1538 190 1615 Adde,
206 1536 286 1622 qudd
301 1534 426 1600 adsidui
439 1535 550 1621 rapitur
563 1534 704 1621 vertigine
719 1534 853 1615 coeltun3

89 1641 255 1726 Sideraque
270 1641 329 1704 alta
341 1639 437 1716 trahit,
451 1639 602 1724 celerique
616 1641 763 1706 volumine
777 1654 904 1726 torquet.

86 1744 173 1809 Nitor
187 1745 217 1806 in
231 1743 407 1806 adversum:
427 1763 485 1805 nec
499 1764 560 1820 me,
575 1743 625 1827 qui
639 1756 757 1821 cetera,
770 1744 860 1808 vincit

85 1848 238 1935 Impetus:
260 1859 290 1910 et
303 1846 407 1932 rapido
417 1847 579 1911 contrarius
593 1847 704 1912 evehor
717 1847 791 1913 orbi.

84 1954 181 2040 Finge
196 1954 280 2018 datos
294 1973 407 2017 currere.
452 1950 536 2028 Quid
551 1951 646 2037 ogas?
668 1954 816 2039 poterisne
829 1957 930 2022 rotatis

83 2060 199 2127 Obvius
212 2061 254 2125 ire
268 2060 352 2146 polis,
367 2081 405 2123 ne
419 2072 449 2127 te
463 2059 539 2123 citus
554 2058 666 2124 auferat
681 2058 770 2126 axis?

80 2166 216 2234 Forsitan
230 2181 261 2232 et
275 2167 358 2231 luoos
371 2162 439 2243 illic,
454 2163 612 2250 urbesque,
629 2165 793 2254 domosque

81 2275 243 2361 Concipias
255 2274 372 2340 animo:
394 2273 576 2358 delubraque
592 2272 662 2338 ditia
677 2274 762 2342 donis

80 2379 170 2446 Esse.
215 2379 277 2443 Per
290 2379 409 2442 insidias
422 2379 478 2442 iter
492 2393 547 2457 est,
562 2377 730 2466 formasque
746 2380 886 2447 ferarum.
900 2423 903 2427 ·

77 2483 180 2571 thue
194 2486 272 2550 viam
286 2498 399 2559 teneas,
413 2482 552 2566 nulloque
568 2504 668 2548 errore
681 2489 805 2553 traharis
817 2511 827 2568 3

77 2589 141 2655 Per
154 2604 254 2653 tamen
270 2588 385 2652 adversi
399 2586 541 2671 gradieris
554 2608 667 2652 cornua
680 2589 785 2669 Tauri,

77 2695 308 2780 Haemoniosque
324 2714 420 2770 arcus,
434 2691 610 2777 violentique
625 2715 678 2757 ora
691 2693 813 2776 leonis,

77 2800 222 2886 Saevaque
237 2799 360 2864 circuitu
375 2810 547 2861 curvantem
560 2797 682 2864 brachia
694 2801 784 2888 longo
865 2844 867 2849 .

75 2905 230 2991 Scorpion,
245 2918 333 2990 atque
348 2903 431 2968 aliter
445 2918 616 2971 curvantem
629 2905 751 2973 brachia
765 2907 928 2975 Cancrum.

72 3011 106 3077 N
106 3033 142 3076 ec
156 3011 206 3075 tibi
222 3011 431 3097 quadrupedes
445 3008 592 3075 animosos
606 3011 720 3096 ignibus
734 3015 797 3094 illis,

72 3115 160 3192 Quos
174 3117 203 3179 in
217 3130 339 3201 pectore
353 3117 472 3194 habent,
488 3137 562 3200 quos
576 3139 628 3182 ore
643 3133 674 3183 et
687 3121 806 3186 naribus
820 3122 930 3201 efflant,

71 3222 106 3288 ln
120 3236 258 3308 promptu
272 3243 377 3306 regere
392 3235 446 3286 est.
490 3219 553 3294 er
567 3245 616 3286 me
631 3226 788 3308 patiuntur,
804 3242 837 3294 ut
852 3251 936 3294 acres
1004 3237 1045 3297 85

69 3327 224 3394 monuere
240 3326 347 3407 animi3
369 3328 530 3414 cervixque
544 3344 689 3414 repugnat
702 3331 836 3406 habenis.

68 3435 111 3500 At
124 3448 166 3510 tu,
179 3431 283 3498 funesti
296 3454 336 3498 ne
351 3433 406 3497 sim
420 3433 472 3498 tibi
486 3435 615 3498 muneris
630 3449 740 3515 auctor,

67 3539 160 3618 Nate,
176 3561 269 3605 cave:
291 3539 363 3608 dum
377 3561 484 3625 resque
498 3540 573 3617 sinit,
588 3554 638 3605 tua
652 3543 767 3632 corrige
781 3560 858 3612 vota.

67 3647 199 3724 Scilicet,
215 3660 247 3711 ut
260 3659 359 3715 nostro
374 3645 504 3732 genitum
517 3659 548 3710 te
563 3647 704 3734 sanguine
718 3653 835 3730 credas,
