2264 4042
362 276 475 335 LIBER
495 277 556 333 XV.

56 434 123 518 rugis
138 448 191 509 est,
207 434 283 498 duce
297 455 346 498 me
361 435 461 499 lucum
479 448 558 519 pete,
573 433 648 497 colle
663 430 788 507 Quirino

56 540 136 614 viret,
152 554 181 602 et
196 541 337 622 templum
352 539 483 602 Romani
496 540 573 622 regis
583 537 759 601 obumbrat?

56 658 91 706 ιτ
113 658 143 706 et
157 644 185 705 in
199 659 306 706 terram
321 646 414 729 pictos
429 644 549 727 delapsa
562 665 615 727 per
629 664 723 717 arcus,

56 747 135 810 frliam
145 748 234 832 jussis
249 749 407 832 compellat
421 749 541 811 vocibus
555 747 619 810 lris.
888 747 949 807 190

56 853 209 914 erecundo
223 854 274 914 vix
287 854 391 916 tollens
404 853 515 915 lumina
528 853 618 927 vultu,

56 956 110 1032 lea,
124 954 266 1039 (namque
282 958 362 1033 mihi,
377 979 434 1020 nec
450 979 512 1040 quae
528 958 567 1020 sis
582 957 680 1019 dicere
695 969 861 1039 promptum
884 967 949 1028 est3

56 1075 124 1143 quet
138 1082 204 1124 esse
220 1060 323 1144 deam)
340 1061 439 1137 duc‚o
455 1061 534 1138 duc,’
549 1062 660 1144 inquit:
684 1068 733 1123 ‘et
747 1059 820 1123 offer

56 1165 119 1247 ugis
133 1187 185 1227 ora
199 1165 290 1226 mihi:
312 1186 375 1250 quae
391 1167 414 1228 si
428 1166 519 1229 modt')
533 1188 620 1250 posse
634 1166 736 1227 videre

64 1271 156 1332 semel
170 1269 324 1348 dederint3
347 1271 457 1337 coelum
472 1268 644 1353 acceptfisse
659 1267 792 1331 fatebor!
884 1269 943 1330 195

55 1395 86 1435 ec
101 1395 183 1435 mora
195 1396 204 1450 3
227 1373 392 1436 Romuleos
406 1393 475 1435 cum
489 1372 598 1456 virgine
612 1371 821 1437 Thaumante&

55 1477 137 1540 rditur
152 1478 252 1541 colles.
296 1476 342 1541 lbi
356 1477 436 1542 sidus
453 1479 489 1540 ab
505 1479 613 1540 aethere
627 1477 742 1558 lapsum

55 1581 96 1642 dit
109 1581 138 1641 in
153 1594 264 1641 terras:
288 1579 404 1663 acujus
424 1581 532 1642 lumine
548 1577 673 1660 flagrans

55 1685 107 1745 iliae
123 1684 209 1745 crinis
223 1703 293 1745 cum
308 1684 403 1747 sidere
418 1684 506 1747 cessit
519 1684 548 1745 in
563 1705 659 1745 auras.

55 1808 62 1847 ι
77 1785 211 1847 manibus
225 1785 299 1848 notis
313 1785 458 1849 Romane
474 1786 606 1850 conditor
621 1785 698 1848 urbis
882 1788 945 1848 200

54 1889 104 1972 pit,
121 1903 150 1951 et
164 1889 293 1976 priscum
307 1891 414 1973 pariter
428 1914 498 1956 cum
512 1912 636 1977 corpore
651 1912 760 1954 nomen

55 2002 89 2071 .t;
104 1991 256 2077 Oramque
272 2007 359 2058 vocat
367 2017 378 2073 3
392 2014 455 2079 quae
470 2018 548 2061 nunc
564 1995 622 2059 dea
631 1996 742 2139 juneup
749 1993 873 2070 Quirino
888 2007 942 2057 est.

318 2408 455 2476 LIBER
478 2410 550 2476 XV.

290 2660 487 2708 mamona
511 2665 625 2710 smum.

406 2834 437 2874 v.
454 2817 505 2876 60.

54 2935 88 2995 rit
100 2934 160 3012 hic,
174 2948 237 2998 ortu
254 2935 391 3000 Samius:
414 2939 467 3001 sed
482 2939 596 3022 fugerat
613 2940 674 3002 un&

54 3059 137 3100 amon
153 3052 182 3101 et
193 3038 325 3101 dominos
338 3064 347 3118 3
369 3041 496 3123 odioque
510 3043 670 3123 tyrannidis
684 3045 769 3105 exsul

54 3157 81 3204 te
94 3155 164 3204 erat.
210 3144 307 3226 Isque,
323 3143 391 3205 licet
405 3144 472 3207 coeli
487 3146 606 3228 regione
620 3159 758 3223 remotos,

54 3269 69 3308 e
85 3248 156 3310 deos
171 3249 258 3326 adiit;
281 3262 319 3323 et,
335 3270 402 3332 quae
418 3263 518 3311 natura
531 3251 656 3333 negabat

54 3374 83 3412 us
97 3351 240 3427 humanis,
255 3354 345 3416 oeulis
360 3375 395 3415 ea
408 3355 534 3438 pectoris
548 3357 650 3418 hausit.

54 3476 106 3540 que
121 3456 227 3531 anim0‚
240 3471 269 3518 et
281 3458 356 3541 vigili
370 3474 559 3542 perspexerat
572 3461 670 3524 omnia
682 3463 762 3539 eure,

54 3559 147 3621 edium
162 3560 302 3623 discenda
315 3563 420 3626 dabat:
443 3579 594 3648 coetusque
609 3566 752 3642 silehffim,

54 3684 114 3747 ,que
128 3664 292 3741 mrantfim,
307 3669 403 3751 magni
417 3670 574 3754 primordia
587 3671 698 3746 mundi,
