2264 4042
117 224 179 285 tte
311 188 314 193 ’
493 216 695 273 ennomus.

112 374 183 441 Non
198 396 254 459 ego
268 394 334 439 aum
347 374 428 451 tanti,
444 372 591 459 (quamvis
605 373 755 448 merearis,
771 371 895 458 inique,)

154 479 198 543 Ut
211 501 326 563 pereas,
340 480 413 542 dum
427 500 476 541 me
491 500 545 562 per
559 476 634 541 freta
647 478 733 561 longa
748 476 832 561 sugis.

111 582 248 649 Exerces
261 583 389 669 pretiosa
402 583 481 659 odia,
497 596 527 645 et
540 583 703 645 constantia
721 604 849 665 magno;
953 588 956 593 '

155 688 199 767 Si,
215 690 285 752 dum
300 711 349 752 me
365 710 478 764 careas,
494 688 603 750 esttibi
618 688 674 749 vile
689 688 773 750 mori.

109 791 178 857 dam
192 795 270 857 venti
285 808 415 878 ponent3
430 790 577 876 stratique
591 792 739 875 equaliter
759 790 848 867 undis,

152 896 296 961 Caeruleis
310 897 416 961 Triton
430 919 484 982 per
497 918 580 960 mare
594 910 693 959 curret
711 896 804 980 equis.

107 1000 160 1063 Tu
174 1022 291 1085 quoque
306 1024 374 1065 cum
391 1003 483 1064 ventis
498 1001 607 1063 utinam
622 1000 766 1064 mutabilis
781 1004 880 1064 esses!

152 1105 204 1183 Et,
218 1107 272 1170 nisi
286 1104 392 1168 duritia
406 1106 509 1167 robora
524 1106 626 1181 vincis,
641 1106 709 1169 eris.

110 1208 219 1284 Quid?
241 1210 265 1273 si
280 1209 429 1286 nescierim
443 1210 545 1271 insana
559 1208 629 1291 quid
643 1229 760 1292 equora
773 1209 909 1292 possint?

151 1314 292 1399 Expertae
308 1316 392 1378 toties
407 1313 496 1398 quim
512 1312 588 1375 maie
605 1311 701 1375 credis
716 1313 824 1396 aquae?

106 1416 150 1483 Ut
162 1420 269 1505 pelago
284 1420 426 1485 suadente
441 1418 530 1511 etiam
544 1418 703 1480 retinacula
718 1419 823 1493 solvas,

108 1534 111 1539 '
150 1520 247 1588 Multa
260 1538 360 1587 tamen
374 1524 450 1586 latus
463 1523 553 1586 tristia
567 1536 671 1606 pontus
685 1524 785 1585 habet.

106 1627 176 1693 Nec
190 1630 315 1693 violasse
330 1630 421 1692 fidem
436 1629 612 1691 tentantibus
626 1649 743 1711 aequora
756 1628 885 1712 prodest.

149 1731 288 1795 Perfidiae
304 1754 409 1815 poenas
422 1732 514 1814 exigit
528 1732 575 1793 ille
590 1732 682 1793 locus.

105 1832 258 1916 Praecipue
273 1836 342 1897 edm
357 1837 442 1896 laesus
456 1836 550 1896 Amor
563 1857 571 1895 ι
587 1835 654 1916 quia
669 1852 763 1898 mater
776 1838 897 1901 Amoris

149 1937 181 2000 N
183 1938 240 2000 uda
255 1937 442 2021 Cytheriacis
456 1937 534 2000 edita
549 1936 639 2000 sertur
653 1941 746 2022 aquis.

106 2043 227 2107 Perdita
240 2065 279 2106 ne
294 2044 417 2127 perdam
430 2043 530 2119 timeo,
544 2066 707 2106 noceamve
726 2047 865 2127 nocenti3

149 2148 218 2213 Neu
233 2150 312 2213 bibat
327 2170 476 2232 aequoreas
490 2148 646 2232 naufragus
659 2151 749 2213 hostis
764 2172 863 2234 aquas.

105 2252 191 2331 Vive,
206 2276 312 2338 precor
325 2277 333 2316 ι
348 2255 390 2316 sio
403 2268 433 2317 te
448 2254 562 2331 melitis,
579 2255 666 2338 qudm
686 2254 798 2331 funere,
814 2257 949 2338 perdam.

148 2358 198 2420 Tu
214 2361 308 2443 potitis
322 2361 371 2422 leti
386 2382 477 2426 causa
492 2360 586 2424 serare
602 2361 671 2423 mei.
730 2436 731 2439 Ἴ

105 2461 211 2546 Finge,
227 2484 293 2545 age,
308 2476 337 2523 te
352 2464 454 2544 rapido
471 2463 595 2546 (nullum
610 2465 645 2527 sit
658 2465 688 2527 in
698 2465 796 2528 omine
818 2464 946 2550 pondus)
1022 2456 1027 2464 ⁸

147 2565 281 2627 Turbine
297 2564 461 2646 deprendi:
484 2567 554 2647 quid
569 2567 619 2628 tibi
630 2570 735 2630 mentis
749 2568 827 2631 erit?

103 2666 243 2730 Protinus
257 2682 412 2729 occurrent
426 2665 504 2729 falsae
521 2668 646 2752 perjuria
660 2669 775 2752 linguae,

148 2769 190 2832 Et
204 2768 335 2852 Phrygia
349 2768 431 2832 Dido
446 2770 548 2834 fraude
564 2787 667 2836 coacta
681 2776 766 2838 mori.

105 2873 247 2958 Conjugis
259 2889 324 2936 ante
339 2874 441 2937 oculos
455 2874 586 2960 deceptae
602 2880 687 2941 stabit
700 2880 798 2963 imago

146 2978 261 3055 Tristis,
277 2994 307 3041 et
322 2979 420 3042 effusis
435 2983 653 3063 sanguinolenta
671 2987 773 3048 comis.

105 3084 276 3167 ‘Quicquid
290 3084 321 3145 id
337 3100 391 3162 est,
405 3099 498 3148 totum
510 3089 612 3165 merui,
628 3090 803 3168 concedite,’
819 3093 921 3156 dicas:

148 3188 283 3270 Quaeque
299 3189 415 3265 cadent,
430 3191 459 3252 in
473 3204 503 3253 te
518 3190 636 3257 fulmina
650 3195 739 3259 missa
754 3211 849 3278 putes.

102 3291 154 3359 Da
167 3292 256 3354 breve
271 3291 382 3354 saevitiae
398 3294 520 3374 spatium
535 3297 689 3379 pelagique
704 3313 839 3379 tuaeque:

148 3393 269 3456 Grande
284 3415 373 3456 morae
388 3397 512 3478 pretium
527 3412 587 3460 tuta
602 3399 697 3461 sutura
712 3400 757 3463 via
772 3419 825 3467 est.

104 3498 172 3565 Nec
188 3496 256 3560 mihi
272 3511 427 3579 parcatur3
442 3522 534 3584 puero
547 3516 684 3584 parcatur
700 3502 773 3568 luto.

147 3603 197 3667 Te
211 3601 279 3666 satis
294 3614 339 3667 est
353 3602 465 3706 titulum
480 3606 581 3669 mortis
594 3606 703 3672 habere
717 3633 803 3676 mee.
