2264 4042
68 279 110 341 ῃ
385 263 762 325 marmoreuosuou

69 430 158 496 Colla
166 430 241 516 jugo
255 428 389 514 eripiunt,
405 427 587 511 abruptaque
601 425 665 490 lora
677 424 854 508 relinquunt.

69 540 132 605 lilio
147 539 236 604 frana
245 539 357 626 jacent,
371 536 430 600 illic
444 550 564 600 temone
579 535 712 599 renalsus
981 531 1047 594 315

69 645 145 710 Axis
157 668 167 725 3
189 645 218 707 in
232 643 289 708 haio
303 643 378 707 radii
392 640 552 706 fractanun
566 655 649 726 parte
663 653 815 704 rotarum:

69 744 241 830 Sparsaque
256 758 322 808 sunt
335 743 394 807 late
408 743 500 807 laceri
514 741 635 825 vestigia
648 738 763 804 cruris.

70 849 112 915 At
126 849 293 926 Phaethon,
307 849 409 913 rutilos
423 844 545 912 flammis
558 845 716 932 populante
731 843 863 930 capillos,

71 952 204 1019 Volvitur
218 955 248 1018 in
261 976 405 1040 preceps,
419 953 566 1037 longoque
581 973 636 1037 per
651 955 722 1016 aera
735 963 831 1015 tractu

72 1054 180 1122 Fertur
192 1080 202 1138 ;
223 1071 256 1121 ut
269 1057 417 1122 interdum
428 1056 467 1120 de
482 1056 560 1119 coelo
575 1055 658 1118 stella
672 1076 789 1131 sereno,
984 1049 1050 1115 320
1072 1040 1077 1048 ⁴

72 1147 138 1224 Etsi
153 1182 212 1224 non
225 1160 344 1238 cecidit,
358 1160 452 1244 potuit
465 1157 610 1222 cecidisse
624 1157 728 1221 videri.

70 1264 176 1343 Quem
190 1266 293 1352 procul
305 1288 323 1330 a
336 1265 432 1350 patriis
445 1265 562 1329 diverso
575 1264 725 1329 maximus
739 1264 811 1328 orbe

71 1370 194 1457 Excipit
208 1370 368 1448 Eridanus,
384 1371 606 1456 spumantiaque
622 1371 712 1434 abluit
722 1392 783 1434 ora.

72 1473 189 1539 Naides
204 1473 359 1560 Hesperie
374 1472 471 1538 mfida
484 1473 626 1538 fumantia
639 1471 761 1540 fluum&

73 1577 210 1665 Corpora
224 1582 295 1645 dant
307 1580 441 1644 tumulo:
464 1579 637 1664 signentque
651 1579 709 1643 hoo
724 1577 856 1643 carmine
871 1596 978 1642 saxum
992 1600 1008 1639 :·
1104 1600 1107 1605 ’

75 1683 158 1747 ‘Hic
173 1686 244 1748 situs
258 1698 304 1748 est
317 1684 485 1759 Phaiitlron,
501 1684 604 1746 curuis
619 1686 719 1766 auriga
733 1684 867 1767 paterni:
987 1684 1051 1746 aad

73 1788 178 1863 Quem
192 1789 216 1852 si
230 1809 290 1851 non
304 1789 405 1863 tenuit,
420 1789 533 1870 magnis
547 1803 647 1850 tamen
660 1789 772 1851 excidit
786 1789 884 1852 ausis!
968 1819 972 1826 ·

75 1891 107 1955 N
109 1913 158 1954 am
173 1903 256 1974 pater
269 1890 425 1966 obductos,
439 1891 521 1952 luctu
536 1891 709 1954 miserabilis
724 1912 812 1975 agro,

75 1995 261 2061 Condiderat
274 1998 388 2060 vultus:
411 2009 450 2073 et,
466 1997 490 2060 si
504 1998 596 2061 modo
610 1998 770 2076 credimus,
786 2021 879 2064 unum

74 2098 137 2164 Isse
149 2098 229 2163 diem
244 2099 306 2163 sine
321 2100 384 2163 sole
398 2097 505 2163 serunt.
550 2100 692 2167 Incendia
706 2103 807 2166 lumen
988 2107 1053 2168 380

75 2204 253 2271 Praebebant
263 2228 283 2287 3⁹
296 2205 458 2291 aliquisque
473 2207 552 2271 malo
566 2205 619 2270 fuit
633 2230 703 2272 usus
716 2209 746 2272 in
760 2209 819 2274 illo.

74 2313 119 2376 Ar
132 2310 280 2396 Clymene
293 2329 450 2399 postquam
464 2313 548 2391 dixit,
563 2335 748 2401 quecunque
763 2315 880 2382 fuerunt

74 2415 110 2482 In
123 2417 210 2480 tantis
224 2416 352 2479 dicenda
365 2419 472 2495 malis3
493 2420 623 2500 lugubris
637 2434 668 2483 et
682 2419 794 2500 amens,

77 2519 120 2586 Et
133 2520 240 2582 laniata
254 2520 334 2582 sinus
347 2533 440 2581 totum
454 2523 623 2602 percensuit
636 2525 761 2586 orbem:

76 2623 301 2708 Exanimesque
316 2637 395 2687 arnis
408 2623 513 2708 primd,
528 2644 601 2687 mox
615 2647 682 2689 ossa
695 2629 857 2711 requirens,
989 2635 1052 2698 335

78 2729 205 2816 Repetit
218 2750 286 2794 ossa
299 2743 399 2792 tamen
413 2728 570 2813 peregrini
583 2730 702 2795 oondita
714 2733 789 2817 ripi.

76 2832 270 2920 lnoubuitque
284 2835 352 2899 loco
364 2838 562 2920 :momenque
577 2836 606 2899 in
620 2858 768 2905 marmore
783 2840 894 2906 lectum

77 2937 215 3006 Perfudit
227 2941 376 3026 lacrymis,
391 2954 421 3006 et
435 2953 536 3026 aperto
550 2957 672 3027 pectore
686 2943 766 3010 fovit.

285 3203 451 3248 HEHADES
473 3207 510 3250 IN
532 3207 678 3252 monne
702 3208 851 3253 marm.

499 3415 532 3460 v.
556 3401 629 3461 840.

123 3529 194 3597 Nec
205 3532 303 3595 mimis
317 3529 462 3598 Heliades
475 3534 572 3613 fletus,
588 3550 627 3614 et,
642 3538 740 3605 inania
753 3543 840 3605 morti

71 3632 215 3711 Munera,
230 3633 301 3700 daut
313 3635 481 3721 lacrymas:
503 3651 534 3702 et
543 3659 626 3705 cese
641 3655 764 3726 pectora
776 3645 882 3729 palmis
990 3650 1054 3714 340

162 3886 187 3921 Ι
