2264 4042
116 228 158 313 o‘s
403 244 781 303 uursuomrrosuou

111 406 120 425 '
156 403 244 468 Talia
259 405 418 482 dicentem,
432 425 596 488 nervosque
610 404 650 468 ad
663 406 755 469 verba
768 415 949 480 moventem,
1047 406 1083 466 tt

114 500 292 594 Exsangues
307 510 416 575 debant
430 511 546 575 animae.
591 510 660 576 Nec
674 510 820 575 Tantalus
835 509 947 572 undam

29 640 32 646 ’
111 614 251 701 Captavit
265 616 398 703 refugam
412 640 420 680 τ
442 618 609 703 stupuitque
622 615 735 681 Ixionis
748 617 837 682 orbis.

110 722 181 788 Nec
195 724 333 808 carpsere
344 723 432 810 jecur
445 724 602 789 volucres:
624 725 763 808 urnisque
778 722 921 787 vacirunt

110 827 255 892 Belides:
277 829 365 915 inque
380 844 431 894 tuo
445 830 556 906 sedisti,
572 829 712 915 Sisyphe,
728 850 813 894 saxo.

108 932 191 997 Tum
205 935 335 1018 primum
346 935 486 1020 laci->unis
499 936 643 1001 victarum
657 936 789 1000 carmine
802 932 885 997 sama
899 949 946 998 est

107 1037 314 1103 Eumenidum
329 1041 478 1104 maduisse
494 1062 605 1124 genas:
626 1062 684 1104 nec
698 1041 780 1125 regia
793 1039 904 1126 conjux

109 1144 240 1210 Sustinet
254 1146 357 1224 oranti,
368 1167 426 1210 nec
442 1147 491 1232 qui
505 1148 580 1230 regit
594 1147 664 1223 ima,
679 1167 810 1230 negare:

107 1250 342 1338 Eurydicenque
355 1269 472 1317 vocant.
517 1252 648 1317 Umbras
663 1267 726 1318 erat
739 1253 788 1315 illa
798 1265 936 1316 recentes

105 1354 207 1421 Inter:
231 1373 261 1422 et
275 1358 394 1423 incessit
407 1381 497 1444 passu
511 1359 549 1423 de
564 1360 686 1424 vulnere
701 1359 797 1422 tardo.

107 1461 197 1527 Hanc
213 1465 299 1528 simul
313 1478 344 1528 et
357 1465 455 1549 legem
471 1464 668 1550 Rhodopeius
683 1465 791 1549 accipit
804 1465 902 1541 heros,
1048 1470 1083 1528 ὅθ

106 1568 139 1633 N
140 1593 157 1632 e
173 1570 273 1635 flectat
301 1586 381 1634 retro
395 1594 449 1635 sua
462 1572 595 1653 lumina3
617 1572 714 1637 donec
730 1572 865 1634 Avernas

107 1673 224 1739 Exierit
238 1677 351 1741 valles:
373 1692 424 1739 aut
438 1678 517 1741 irrita
532 1680 611 1742 dona
624 1678 732 1742 futura.

149 1773 289 1864 Carpitu'r
305 1782 434 1844 acclivus
448 1803 503 1865 per
517 1796 599 1845 muta
611 1782 727 1846 silentia
739 1798 860 1861 trames,

104 1885 235 1961 Arduus,
251 1886 404 1961 obscurus,
419 1887 545 1969 caligine
559 1887 670 1950 densus
683 1887 791 1972 opaci.

104 1991 173 2058 Nec
188 1991 292 2076 procul
308 1989 463 2055 abfuerunt
476 1992 587 2057 telluris
601 1995 733 2077 margine
744 2016 879 2060 summa.
937 1994 951 2052 .’
1045 2002 1081 2061 st

103 2096 176 2176 Hic,
191 2120 229 2161 ne
245 2098 398 2176 deficeret,
413 2112 559 2176 metuens,
576 2100 738 2186 avidusque
752 2102 883 2180 videndi,

103 2204 206 2271 Flexit
219 2228 323 2270 eruens
336 2206 458 2270 oculos:
481 2220 512 2269 et
525 2208 656 2292 protinus
670 2207 718 2272 illa
732 2209 847 2293 relapsa
861 2224 917 2273 cst.

103 2312 295 2398 Brachioque
309 2314 474 2392 intendens,
488 2315 654 2400 prendique
665 2326 696 2379 et
708 2315 855 2399 prendere
871 2331 1000 2396 certans,

105 2419 159 2483 Nil
173 2420 228 2482 nisi
249 2421 392 2482 cedentes
406 2419 509 2482 infelix
524 2422 622 2505 arripit
636 2431 733 2485 auras.

100 2524 229 2609 Jamque
244 2526 351 2587 iterum
366 2524 495 2587 moriens
508 2546 567 2587 non
583 2540 627 2588 est
640 2528 679 2590 de
694 2528 821 2613 conjuge
837 2530 999 2615 quidquam
1042 2534 1082 2596 60

101 2627 219 2705 Questa
235 2652 307 2692 suo:
330 2628 400 2712 quid
415 2630 492 2691 enim
508 2629 562 2692 nisi
577 2651 610 2693 se
625 2647 799 2714 quereretur
814 2637 970 2700 amatam?

101 2734 342 2821 Supremumque
357 2734 433 2811 vale,
449 2734 530 2818 quod
541 2734 606 2820 jam
620 2736 671 2799 vix
687 2739 804 2802 auribus
818 2741 867 2804 ille

100 2841 272 2924 Acciperet,
288 2839 383 2903 dixit:
405 2840 596 2926 revolutaque
612 2864 712 2908 rursus
727 2845 836 2910 eodem
856 2863 911 2912 est.

143 2946 213 3012 Non
230 2947 312 3011 aliter
327 2947 435 3034 stupuit
448 2947 568 3033 geminii
580 2972 658 3014 nece
672 2953 805 3038 conjugis
820 2953 974 3038 Orpheus,
1061 2984 1065 2991 ·

94 3055 203 3133 Quam
218 3055 273 3118 tria
288 3055 338 3139 qui
352 3055 481 3133 timidus,
497 3057 598 3121 medio
611 3072 746 3143 portante
762 3074 894 3138 catenae,
1042 3065 1085 3126 δῦ

101 3161 190 3226 Colla
204 3161 286 3229 canis
300 3161 393 3224 vidit:
417 3182 507 3247 quem
521 3184 581 3226 non
594 3186 688 3247 pavor
702 3164 774 3229 auth
786 3166 913 3250 reliquit,

103 3266 207 3343 Quum
221 3281 326 3330 natura
340 3268 429 3350 prior,
445 3290 520 3331 saxo
535 3291 589 3352 per
604 3292 713 3354 oorpus
727 3271 830 3334 oborto
844 3294 852 3333 :

103 3372 226 3457 Quique
241 3375 270 3435 in
286 3394 318 3437 se
333 3372 446 3436 crimen
462 3376 559 3452 traxit,
574 3375 722 3459 voluitque
736 3375 829 3440 videri

104 3478 219 3547 Olenos
234 3500 300 3542 esse
315 3499 450 3544 nocens:
472 3496 563 3566 tuque
574 3504 594 3545 o
608 3481 719 3544 confisa
734 3482 845 3567 figurae,

85 3586 203 3668 [auhn
217 3583 357 3666 Ledae,
373 3599 430 3677 tute¹
443 3608 453 3668 3
470 3587 655 3672 junctissima
670 3591 819 3673 quondam
1041 3601 1085 3660 '10

23 3718 33 3737 ·
70 3693 223 3778 Pectora,
238 3717 326 3763 nuno
340 3695 474 3786 lapides,
492 3718 570 3786 quos
582 3695 713 3764 humida
725 3696 933 3763 susnuetlhe..
