2264 4042
119 265 179 325 124
427 227 802 315 narmonrnosaou

114 414 177 477 Sed
191 429 290 479 tamen
302 428 423 477 eventus
437 428 550 491 vestre,
565 412 729 488 fortissime,
743 433 848 495 pugna

111 516 188 591 Quis
203 519 278 582 fuit?
303 517 417 582 Hector
431 520 490 582 abit
503 518 625 582 violatus
639 517 757 578 vulnere
772 517 862 578 nullo.

153 622 207 685 Me
222 625 371 700 miserum,
386 638 494 706 quanto
508 645 598 706 cogor
612 621 780 684 meminisse
795 621 897 683 dolore
1015 625 1077 683 280

109 727 268 810 Temporis
282 729 375 807 illius;
399 750 466 811 quo,
483 727 607 813 Grajrim
622 748 731 802 murus,
746 726 878 787 Achilles

109 830 291 895 Procubuit!
317 833 385 896 Nec
400 854 449 895 mc
461 834 608 915 lacryma,
623 832 767 905 motusve,
781 830 904 891 timorve

108 936 288 1014 dedmnt,
304 939 373 1021 quin
388 960 495 1021 corpus
509 938 599 999 humo
614 936 737 998 sublime
752 932 904 996 referrem.

109 1040 167 1104 His
181 1042 320 1117 humeris,
335 1043 390 1117 his,
405 1043 534 1124 inquam,
549 1041 679 1103 humeris
694 1061 749 1122 ego
763 1059 870 1120 corpus
886 1039 1022 1114 Achillis,

108 1143 151 1207 Et
165 1145 250 1208 simul
264 1167 346 1208 arma
359 1146 431 1207 tuli:
453 1166 516 1227 quae
531 1166 610 1206 nunc
624 1165 741 1226 quoque
758 1141 833 1204 serre
847 1142 960 1205 laboro.
1015 1146 1075 1205 285

109 1247 185 1311 Sunt
198 1250 280 1325 mihi,
296 1271 359 1333 quae
371 1250 486 1312 valeant
500 1249 529 1309 in
543 1248 611 1310 talia
624 1247 767 1331 pondera,
781 1246 877 1308 vires:

107 1350 165 1415 Est
179 1354 292 1416 animus
306 1360 418 1417 vestros
432 1354 513 1416 certe
529 1374 667 1416 sensurus
682 1353 819 1414 honores.

109 1456 231 1522 Scilicet
245 1459 356 1521 idcirco
370 1481 424 1542 pro
440 1472 527 1541 gnato
541 1459 649 1520 cerula
662 1471 757 1518 mater

106 1562 271 1626 Ambitiosa
285 1585 339 1626 suo
353 1561 415 1640 fuit,
430 1577 462 1625 ut
476 1563 607 1626 coelestia
621 1563 708 1636 dona,

105 1667 188 1729 Artis
201 1688 276 1749 opus
290 1681 385 1742 tantae,
400 1668 480 1730 rudis
495 1682 524 1729 et
539 1668 600 1729 sine
615 1657 734 1748 pectore
749 1666 833 1728 miles
1015 1669 1080 1730 290

105 1767 271 1832 Indueret?
294 1791 392 1852 neque
407 1771 486 1831 enim
501 1770 598 1851 clypei
612 1770 764 1831 eaelamina
777 1771 862 1845 norit,

106 1869 273 1946 Oceanum,
286 1887 316 1933 et
330 1890 432 1946 terras,
448 1893 575 1954 cumque
591 1872 648 1934 alto
663 1872 761 1934 sidera
775 1874 861 1950 coelo,

105 1971 315 2058 Pleiadasque,
330 1973 524 2058 Hyadesque,
539 1976 758 2058 immunemque
774 1978 896 2060 aequoris
910 1978 1038 2058 Arcton,

105 2076 305 2162 Diversasque
319 2080 417 2155 urbes,
432 2079 613 2163 nitidumque
629 2079 746 2143 Orionis
761 2102 873 2144 ensem.

105 2181 240 2247 Postulat
253 2198 285 2247 ut
298 2185 405 2268 capiat,
421 2206 483 2267 quae
498 2207 556 2247 non
575 2186 714 2270 intelligit,
731 2207 823 2249 arma.
1013 2193 1081 2253 295

63 2270 70 2279 ³
148 2288 256 2363 Quid?
280 2289 359 2373 quod
374 2311 433 2366 me,
449 2289 511 2351 duri
529 2287 688 2372 fugientem
702 2309 824 2351 munera
838 2293 916 2367 belli,

106 2395 212 2476 Arguit
225 2395 342 2476 incepto
357 2416 456 2456 serum
472 2394 631 2456 accessisse
646 2393 736 2456 labori
753 2395 765 2455 ἓ

105 2498 174 2561 Nec
189 2519 221 2559 se
236 2497 421 2579 magnanimo
436 2499 614 2559 maledicere
632 2499 717 2560 sentit
730 2497 859 2560 Achilli?

106 2600 140 2663 Si
155 2600 306 2663 simulasse
321 2613 406 2660 vocat
421 2600 542 2673 crimen,
558 2600 756 2663 simulavimus
770 2604 867 2664 ambo.

107 2704 140 2766 Si
154 2725 239 2765 mora
252 2724 306 2785 pro
320 2701 408 2784 culpis
423 2716 488 2780 est;
510 2723 565 2784 ego
581 2724 646 2764 sum
660 2705 798 2765 maturior
810 2706 868 2768 illo.
1015 2713 1081 2773 300

105 2807 159 2871 Me
174 2808 223 2892 pia
237 2807 358 2870 detinuit
372 2808 481 2892 conjux
495 2830 502 2869 :
523 2807 572 2890 pia
585 2821 679 2870 mater
693 2809 847 2872 Achillen:
950 2852 954 2859 ·

106 2911 266 2996 Primaque
281 2928 347 2976 sunt
361 2913 414 2975 illis
429 2912 497 2975 data
510 2925 653 2995 tempora,
668 2929 774 2977 catera
788 2916 880 2979 vobis.

106 3017 198 3081 Haud
213 3019 312 3095 timeo,
328 3019 351 3082 si
360 3019 424 3104 jam
440 3040 556 3101 nequeo
572 3017 733 3081 defendere
748 3021 861 3082 crimen

106 3122 187 3187 Cum
201 3138 281 3187 tanto
295 3145 452 3189 commune
467 3124 539 3186 viro.
584 3123 757 3208 Deprensus
774 3123 888 3207 Ulyssis

104 3227 227 3310 Ingenio
240 3242 339 3291 tamen
354 3230 424 3308 ille;
446 3242 547 3290 utnon
562 3228 672 3312 Ajacis,
688 3226 822 3310 Ulysses.
1012 3238 1079 3299 305

148 3327 236 3390 Neve
250 3330 280 3390 in
295 3350 343 3390 me
359 3330 468 3391 stolidae
484 3329 616 3391 convicia
630 3327 752 3389 sundere
768 3328 871 3412 linguae

106 3432 297 3496 Admiremur
311 3453 399 3495 eum:
421 3433 503 3495 vohis
518 3453 635 3515 quoque
651 3431 739 3512 digna
752 3434 865 3514 pudore

105 3536 224 3622 objicit.
269 3538 317 3599 An
332 3535 405 3599 salso
420 3536 602 3599 Palameden
617 3535 737 3598 crimine
753 3551 838 3623 turpe

103 3641 271 3709 Accusasse
286 3641 366 3716 mihi,
381 3640 462 3703 vobis
478 3638 632 3703 damnasse
649 3641 790 3709 deeomm
805 3644 872 3710 est?
