<?xml version="1.0" encoding="UTF-8"?>
<!DOCTYPE html PUBLIC "-//W3C//DTD XHTML 1.0 Transitional//EN"
    "http://www.w3.org/TR/xhtml1/DTD/xhtml1-transitional.dtd">
<html xmlns="http://www.w3.org/1999/xhtml" xml:lang="en" lang="en">
 <head>
  <title>
</title>
<meta http-equiv="Content-Type" content="text/html;charset=utf-8" />
  <meta name='ocr-system' content='tesseract 3.04.00' />
  <meta name='ocr-capabilities' content='ocr_page ocr_carea ocr_par ocr_line ocrx_word'/>
</head>
<body>
  <div class='ocr_page' id='page_1' title='image "./excerptaexscrip03ovidgoog_0082.png"; bbox 0 0 2264 4042; ppageno 0'>
   <div class='ocr_carea' id='block_1_1' title="bbox 483 249 1043 318">
    <p class='ocr_par' dir='ltr' id='par_1_1' title="bbox 483 249 1043 318">
     <span class='ocr_line' id='line_1_1' title="bbox 483 249 1043 318; baseline 0.004 -12"><span class='ocrx_word' id='word_1_1' title='bbox 483 249 597 308; x_wconf 79' lang='lat' dir='ltr'>LIBER</span> <span class='ocrx_word' id='word_1_2' title='bbox 615 251 651 307; x_wconf 79' lang='lat' dir='ltr'>V.</span> <span class='ocrx_word' id='word_1_3' title='bbox 1004 259 1043 318; x_wconf 82' lang='grc'>67</span> 
     </span>
    </p>
   </div>
   <div class='ocr_carea' id='block_1_2' title="bbox 28 402 1044 3744">
    <p class='ocr_par' dir='ltr' id='par_1_2' title="bbox 73 402 1044 489">
     <span class='ocr_line' id='line_1_2' title="bbox 73 402 1044 489; baseline 0 -19"><span class='ocrx_word' id='word_1_4' title='bbox 73 402 158 470; x_wconf 91' lang='lat' dir='ltr'>Nam</span> <span class='ocrx_word' id='word_1_5' title='bbox 172 404 269 469; x_wconf 88' lang='lat' dir='ltr'>brevis</span> <span class='ocrx_word' id='word_1_6' title='bbox 283 406 312 468; x_wconf 92' lang='lat' dir='ltr'>in</span> <span class='ocrx_word' id='word_1_7' title='bbox 326 405 439 489; x_wconf 84' lang='lat' dir='ltr'>gelidas</span> <span class='ocrx_word' id='word_1_8' title='bbox 452 408 591 471; x_wconf 89' lang='lat' dir='ltr'>membris</span> <span class='ocrx_word' id='word_1_9' title='bbox 606 407 731 471; x_wconf 85' lang='lat' dir='ltr'>exilibus</span> <span class='ocrx_word' id='word_1_10' title='bbox 743 408 838 471; x_wconf 86' lang='lat' dir='ltr'>undas</span> <span class='ocrx_word' id='word_1_11' title='bbox 980 411 1044 470; x_wconf 79' lang='lat'>270</span> 
     </span>
    </p>

    <p class='ocr_par' dir='ltr' id='par_1_3' title="bbox 72 508 1043 599">
     <span class='ocr_line' id='line_1_3' title="bbox 72 508 1043 599; baseline 0.003 -28"><span class='ocrx_word' id='word_1_12' title='bbox 72 508 230 573; x_wconf 84' lang='lat' dir='ltr'>Transitus</span> <span class='ocrx_word' id='word_1_13' title='bbox 244 525 298 574; x_wconf 86' lang='lat' dir='ltr'>est.</span> <span class='ocrx_word' id='word_1_14' title='bbox 343 511 493 575; x_wconf 82' lang='lat' dir='ltr'>Posthac</span> <span class='ocrx_word' id='word_1_15' title='bbox 507 527 690 596; x_wconf 74' lang='lat' dir='ltr'>tergumque,</span> <span class='ocrx_word' id='word_1_16' title='bbox 705 514 889 599; x_wconf 87' lang='lat' dir='ltr'>humerique,</span> <span class='ocrx_word' id='word_1_17' title='bbox 900 512 1043 596; x_wconf 86' lang='lat' dir='ltr'>latusque,</span> 
     </span>
    </p>

    <p class='ocr_par' dir='ltr' id='par_1_4' title="bbox 73 612 785 699">
     <span class='ocr_line' id='line_1_4' title="bbox 73 612 785 699; baseline 0.003 -22"><span class='ocrx_word' id='word_1_18' title='bbox 73 612 263 699; x_wconf 85' lang='lat' dir='ltr'>Pectoraque</span> <span class='ocrx_word' id='word_1_19' title='bbox 277 616 306 677; x_wconf 94' lang='lat' dir='ltr'>in</span> <span class='ocrx_word' id='word_1_20' title='bbox 320 630 426 680; x_wconf 86' lang='lat' dir='ltr'>tenues</span> <span class='ocrx_word' id='word_1_21' title='bbox 441 618 548 680; x_wconf 89' lang='lat' dir='ltr'>abeunt</span> <span class='ocrx_word' id='word_1_22' title='bbox 561 619 686 683; x_wconf 81' lang='lat' dir='ltr'>evanida</span> <span class='ocrx_word' id='word_1_23' title='bbox 699 618 785 682; x_wconf 86' lang='lat' dir='ltr'>rivos.</span> 
     </span>
    </p>

    <p class='ocr_par' dir='ltr' id='par_1_5' title="bbox 72 717 744 806">
     <span class='ocr_line' id='line_1_5' title="bbox 72 717 744 806; baseline 0.007 -25"><span class='ocrx_word' id='word_1_24' title='bbox 72 717 214 803; x_wconf 90' lang='lat' dir='ltr'>Denique</span> <span class='ocrx_word' id='word_1_25' title='bbox 225 742 279 805; x_wconf 91' lang='lat' dir='ltr'>pro</span> <span class='ocrx_word' id='word_1_26' title='bbox 292 722 359 786; x_wconf 90' lang='lat' dir='ltr'>vivo</span> <span class='ocrx_word' id='word_1_27' title='bbox 373 723 485 785; x_wconf 77' lang='lat' dir='ltr'>titiatas</span> <span class='ocrx_word' id='word_1_28' title='bbox 499 724 639 806; x_wconf 90' lang='lat' dir='ltr'>sanguine</span> <span class='ocrx_word' id='word_1_29' title='bbox 653 745 744 786; x_wconf 89' lang='lat' dir='ltr'>venas</span> 
     </span>
    </p>

    <p class='ocr_par' dir='ltr' id='par_1_6' title="bbox 73 822 1040 1016">
     <span class='ocr_line' id='line_1_6' title="bbox 73 822 961 912; baseline 0.003 -26"><span class='ocrx_word' id='word_1_30' title='bbox 73 822 217 910; x_wconf 88' lang='lat' dir='ltr'><strong>Lympha</strong></span> <span class='ocrx_word' id='word_1_31' title='bbox 232 827 321 890; x_wconf 86' lang='lat' dir='ltr'>subit:</span> <span class='ocrx_word' id='word_1_32' title='bbox 344 841 491 911; x_wconf 89' lang='lat' dir='ltr'>restatque</span> <span class='ocrx_word' id='word_1_33' title='bbox 506 829 586 904; x_wconf 91' lang='lat' dir='ltr'>nihil,</span> <span class='ocrx_word' id='word_1_34' title='bbox 602 829 682 910; x_wconf 91' lang='lat' dir='ltr'>quod</span> <span class='ocrx_word' id='word_1_35' title='bbox 696 828 841 911; x_wconf 85' lang='lat' dir='ltr'>prendere</span> <span class='ocrx_word' id='word_1_36' title='bbox 856 828 961 912; x_wconf 85' lang='lat' dir='ltr'>possis.</span> 
     </span>
     <span class='ocr_line' id='line_1_7' title="bbox 118 930 1040 1016; baseline 0.001 -23"><span class='ocrx_word' id='word_1_37' title='bbox 118 930 235 993; x_wconf 81' lang='lat' dir='ltr'>Interea</span> <span class='ocrx_word' id='word_1_38' title='bbox 249 933 360 1016; x_wconf 82' lang='lat' dir='ltr'>pavida</span> <span class='ocrx_word' id='word_1_39' title='bbox 375 933 570 1016; x_wconf 87' lang='lat' dir='ltr'>nequicquam</span> <span class='ocrx_word' id='word_1_40' title='bbox 586 933 645 996; x_wconf 91' lang='lat' dir='ltr'>filia</span> <span class='ocrx_word' id='word_1_41' title='bbox 658 933 743 994; x_wconf 83' lang='lat' dir='ltr'>matri</span> <span class='ocrx_word' id='word_1_42' title='bbox 976 935 1040 994; x_wconf 79' lang='lat'>275</span> 
     </span>
    </p>

    <p class='ocr_par' dir='ltr' id='par_1_7' title="bbox 75 1034 786 1122">
     <span class='ocr_line' id='line_1_8' title="bbox 75 1034 786 1122; baseline -0.001 -23"><span class='ocrx_word' id='word_1_43' title='bbox 75 1034 223 1099; x_wconf 90' lang='lat' dir='ltr'>Omnibus</span> <span class='ocrx_word' id='word_1_44' title='bbox 237 1051 281 1099; x_wconf 88' lang='lat' dir='ltr'>est</span> <span class='ocrx_word' id='word_1_45' title='bbox 294 1039 388 1113; x_wconf 89' lang='lat' dir='ltr'>terris,</span> <span class='ocrx_word' id='word_1_46' title='bbox 404 1039 483 1099; x_wconf 91' lang='lat' dir='ltr'>omni</span> <span class='ocrx_word' id='word_1_47' title='bbox 498 1039 616 1120; x_wconf 77' lang='lat' dir='ltr'>quesita</span> <span class='ocrx_word' id='word_1_48' title='bbox 630 1036 786 1122; x_wconf 80' lang='lat' dir='ltr'>profundo.</span> 
     </span>
    </p>

    <p class='ocr_par' dir='ltr' id='par_1_8' title="bbox 73 1140 723 1226">
     <span class='ocr_line' id='line_1_9' title="bbox 73 1140 723 1226; baseline 0.002 -22"><span class='ocrx_word' id='word_1_49' title='bbox 73 1140 160 1204; x_wconf 90' lang='lat' dir='ltr'>lllam</span> <span class='ocrx_word' id='word_1_50' title='bbox 174 1164 233 1204; x_wconf 92' lang='lat' dir='ltr'>non</span> <span class='ocrx_word' id='word_1_51' title='bbox 247 1142 337 1204; x_wconf 88' lang='lat' dir='ltr'>rutilis</span> <span class='ocrx_word' id='word_1_52' title='bbox 352 1143 471 1205; x_wconf 90' lang='lat' dir='ltr'>veniens</span> <span class='ocrx_word' id='word_1_53' title='bbox 484 1143 601 1206; x_wconf 85' lang='lat' dir='ltr'>Aurora</span> <span class='ocrx_word' id='word_1_54' title='bbox 611 1144 723 1226; x_wconf 84' lang='lat' dir='ltr'>capillis</span> 
     </span>
    </p>

    <p class='ocr_par' dir='ltr' id='par_1_9' title="bbox 75 1245 811 1331">
     <span class='ocr_line' id='line_1_10' title="bbox 75 1245 811 1331; baseline 0.001 -22"><span class='ocrx_word' id='word_1_55' title='bbox 75 1245 253 1310; x_wconf 84' lang='lat' dir='ltr'>Cessantem</span> <span class='ocrx_word' id='word_1_56' title='bbox 269 1247 347 1323; x_wconf 85' lang='lat' dir='ltr'>vidit,</span> <span class='ocrx_word' id='word_1_57' title='bbox 362 1268 421 1309; x_wconf 90' lang='lat' dir='ltr'>non</span> <span class='ocrx_word' id='word_1_58' title='bbox 436 1246 612 1331; x_wconf 87' lang='lat' dir='ltr'>Hesperus:</span> <span class='ocrx_word' id='word_1_59' title='bbox 633 1248 682 1310; x_wconf 91' lang='lat' dir='ltr'>illa</span> <span class='ocrx_word' id='word_1_60' title='bbox 696 1248 811 1310; x_wconf 89' lang='lat' dir='ltr'>duabus</span> 
     </span>
    </p>

    <p class='ocr_par' dir='ltr' id='par_1_10' title="bbox 74 1349 858 1436">
     <span class='ocr_line' id='line_1_11' title="bbox 74 1349 858 1436; baseline 0.001 -22"><span class='ocrx_word' id='word_1_61' title='bbox 74 1349 272 1415; x_wconf 81' lang='lat' dir='ltr'>Flammiferia</span> <span class='ocrx_word' id='word_1_62' title='bbox 284 1353 369 1436; x_wconf 89' lang='lat' dir='ltr'>pinus</span> <span class='ocrx_word' id='word_1_63' title='bbox 383 1352 517 1415; x_wconf 89' lang='lat' dir='ltr'>manibus</span> <span class='ocrx_word' id='word_1_64' title='bbox 532 1353 685 1418; x_wconf 85' lang='lat' dir='ltr'>succendit</span> <span class='ocrx_word' id='word_1_65' title='bbox 695 1352 732 1415; x_wconf 93' lang='lat' dir='ltr'>ab</span> <span class='ocrx_word' id='word_1_66' title='bbox 747 1351 858 1430; x_wconf 79' lang='lat' dir='ltr'>AEtni:;</span> 
     </span>
    </p>

    <p class='ocr_par' dir='ltr' id='par_1_11' title="bbox 75 1454 1041 1542">
     <span class='ocr_line' id='line_1_12' title="bbox 75 1454 1041 1542; baseline 0.002 -24"><span class='ocrx_word' id='word_1_67' title='bbox 75 1454 196 1540; x_wconf 87' lang='lat' dir='ltr'>Perque</span> <span class='ocrx_word' id='word_1_68' title='bbox 211 1457 363 1542; x_wconf 87' lang='lat' dir='ltr'>pruinosas</span> <span class='ocrx_word' id='word_1_69' title='bbox 378 1457 440 1519; x_wconf 88' lang='lat' dir='ltr'>tub&#39;t</span> <span class='ocrx_word' id='word_1_70' title='bbox 452 1458 609 1539; x_wconf 86' lang='lat' dir='ltr'>irrequieta</span> <span class='ocrx_word' id='word_1_71' title='bbox 621 1458 769 1520; x_wconf 90' lang='lat' dir='ltr'>tenebras.</span> <span class='ocrx_word' id='word_1_72' title='bbox 976 1462 1041 1520; x_wconf 74' lang='lat'>280</span> 
     </span>
    </p>

    <p class='ocr_par' dir='ltr' id='par_1_12' title="bbox 74 1559 824 1637">
     <span class='ocr_line' id='line_1_13' title="bbox 74 1559 824 1637; baseline -0.001 -13"><span class='ocrx_word' id='word_1_73' title='bbox 74 1560 203 1637; x_wconf 89' lang='lat' dir='ltr'>Rursus,</span> <span class='ocrx_word' id='word_1_74' title='bbox 219 1575 251 1623; x_wconf 88' lang='lat' dir='ltr'>nt</span> <span class='ocrx_word' id='word_1_75' title='bbox 266 1561 345 1623; x_wconf 89' lang='lat' dir='ltr'>alma</span> <span class='ocrx_word' id='word_1_76' title='bbox 359 1562 422 1623; x_wconf 90' lang='lat' dir='ltr'>dies</span> <span class='ocrx_word' id='word_1_77' title='bbox 436 1559 590 1622; x_wconf 79' lang='lat' dir='ltr'>hebetdrat</span> <span class='ocrx_word' id='word_1_78' title='bbox 604 1561 710 1634; x_wconf 88' lang='lat' dir='ltr'>sidera,</span> <span class='ocrx_word' id='word_1_79' title='bbox 725 1575 824 1623; x_wconf 91' lang='lat' dir='ltr'>natam</span> 
     </span>
    </p>

    <p class='ocr_par' dir='ltr' id='par_1_13' title="bbox 76 1664 763 1747">
     <span class='ocr_line' id='line_1_14' title="bbox 76 1664 763 1747; baseline -0.004 -17"><span class='ocrx_word' id='word_1_80' title='bbox 76 1665 155 1730; x_wconf 87' lang='lat' dir='ltr'>Solis</span> <span class='ocrx_word' id='word_1_81' title='bbox 169 1668 207 1729; x_wconf 91' lang='lat' dir='ltr'>ad</span> <span class='ocrx_word' id='word_1_82' title='bbox 223 1687 375 1740; x_wconf 89' lang='lat' dir='ltr'>occasum,</span> <span class='ocrx_word' id='word_1_83' title='bbox 391 1665 458 1727; x_wconf 88' lang='lat' dir='ltr'>solis</span> <span class='ocrx_word' id='word_1_84' title='bbox 475 1665 624 1747; x_wconf 78' lang='lat' dir='ltr'>querebat</span> <span class='ocrx_word' id='word_1_85' title='bbox 638 1664 763 1727; x_wconf 89' lang='lat' dir='ltr'>abortu.</span> 
     </span>
    </p>

    <p class='ocr_par' dir='ltr' id='par_1_14' title="bbox 74 1769 788 1853">
     <span class='ocr_line' id='line_1_15' title="bbox 74 1769 788 1853; baseline -0.003 -18"><span class='ocrx_word' id='word_1_86' title='bbox 74 1769 173 1835; x_wconf 86' lang='lat' dir='ltr'>Fessa</span> <span class='ocrx_word' id='word_1_87' title='bbox 186 1772 286 1834; x_wconf 89' lang='lat' dir='ltr'>labore</span> <span class='ocrx_word' id='word_1_88' title='bbox 302 1771 377 1833; x_wconf 90' lang='lat' dir='ltr'>sitim</span> <span class='ocrx_word' id='word_1_89' title='bbox 391 1770 567 1852; x_wconf 85' lang='lat' dir='ltr'>collegerat3</span> <span class='ocrx_word' id='word_1_90' title='bbox 589 1791 699 1853; x_wconf 87' lang='lat' dir='ltr'>oraque</span> <span class='ocrx_word' id='word_1_91' title='bbox 719 1771 788 1834; x_wconf 90' lang='lat' dir='ltr'>nulli</span> 
     </span>
    </p>

    <p class='ocr_par' dir='ltr' id='par_1_15' title="bbox 75 1858 830 1941">
     <span class='ocr_line' id='line_1_16' title="bbox 75 1858 830 1941; baseline -0.003 0"><span class='ocrx_word' id='word_1_92' title='bbox 75 1876 250 1941; x_wconf 89' lang='lat' dir='ltr'>Colluerant</span> <span class='ocrx_word' id='word_1_93' title='bbox 263 1858 376 1939; x_wconf 74' lang='lat' dir='ltr'>fontes:</span> <span class='ocrx_word' id='word_1_94' title='bbox 399 1875 468 1938; x_wconf 80' lang='lat' dir='ltr'>edm</span> <span class='ocrx_word' id='word_1_95' title='bbox 482 1888 592 1938; x_wconf 87' lang='lat' dir='ltr'>tectam</span> <span class='ocrx_word' id='word_1_96' title='bbox 606 1876 743 1939; x_wconf 85' lang='lat' dir='ltr'>stramine</span> <span class='ocrx_word' id='word_1_97' title='bbox 758 1876 830 1940; x_wconf 93' lang='lat' dir='ltr'>vidit</span> 
     </span>
    </p>

    <p class='ocr_par' dir='ltr' id='par_1_16' title="bbox 74 1979 1040 2064">
     <span class='ocr_line' id='line_1_17' title="bbox 74 1979 1040 2064; baseline 0 -19"><span class='ocrx_word' id='word_1_98' title='bbox 74 1979 167 2046; x_wconf 70' lang='lat' dir='ltr'>Forte</span> <span class='ocrx_word' id='word_1_99' title='bbox 183 2002 283 2045; x_wconf 86' lang='lat' dir='ltr'>casam</span> <span class='ocrx_word' id='word_1_100' title='bbox 296 2004 305 2060; x_wconf 82' lang='lat'>3</span> <span class='ocrx_word' id='word_1_101' title='bbox 327 2001 490 2064; x_wconf 84' lang='lat' dir='ltr'>parvasque</span> <span class='ocrx_word' id='word_1_102' title='bbox 505 1979 582 2043; x_wconf 83' lang='lat' dir='ltr'>fores</span> <span class='ocrx_word' id='word_1_103' title='bbox 594 1981 737 2063; x_wconf 90' lang='lat' dir='ltr'>pulsavit:</span> <span class='ocrx_word' id='word_1_104' title='bbox 760 1982 870 2046; x_wconf 88' lang='lat' dir='ltr'>atinde</span> <span class='ocrx_word' id='word_1_105' title='bbox 977 1987 1040 2046; x_wconf 73' lang='lat'>285</span> 
     </span>
    </p>

    <p class='ocr_par' dir='ltr' id='par_1_17' title="bbox 74 2085 956 2171">
     <span class='ocr_line' id='line_1_18' title="bbox 74 2085 956 2171; baseline -0.001 -20"><span class='ocrx_word' id='word_1_106' title='bbox 74 2086 181 2151; x_wconf 87' lang='lat' dir='ltr'>Prodit</span> <span class='ocrx_word' id='word_1_107' title='bbox 196 2109 287 2166; x_wconf 75' lang='lat' dir='ltr'>anus:</span> <span class='ocrx_word' id='word_1_108' title='bbox 309 2087 465 2169; x_wconf 88' lang='lat' dir='ltr'>divamque</span> <span class='ocrx_word' id='word_1_109' title='bbox 486 2085 584 2165; x_wconf 81' lang='lat' dir='ltr'>videt3</span> <span class='ocrx_word' id='word_1_110' title='bbox 606 2086 816 2170; x_wconf 88' lang='lat' dir='ltr'>lymphamque</span> <span class='ocrx_word' id='word_1_111' title='bbox 834 2089 956 2171; x_wconf 82' lang='lat' dir='ltr'>roganti,</span> 
     </span>
    </p>

    <p class='ocr_par' dir='ltr' id='par_1_18' title="bbox 74 2190 828 2274">
     <span class='ocr_line' id='line_1_19' title="bbox 74 2190 828 2274; baseline -0.005 -18"><span class='ocrx_word' id='word_1_112' title='bbox 74 2192 176 2256; x_wconf 89' lang='lat' dir='ltr'>Dulce</span> <span class='ocrx_word' id='word_1_113' title='bbox 192 2192 282 2266; x_wconf 89' lang='lat' dir='ltr'>dedit,</span> <span class='ocrx_word' id='word_1_114' title='bbox 297 2190 373 2254; x_wconf 74' lang='lat' dir='ltr'>tostii</span> <span class='ocrx_word' id='word_1_115' title='bbox 387 2191 466 2274; x_wconf 88' lang='lat' dir='ltr'>quod</span> <span class='ocrx_word' id='word_1_116' title='bbox 481 2203 604 2253; x_wconf 83' lang='lat' dir='ltr'>coxerat</span> <span class='ocrx_word' id='word_1_117' title='bbox 618 2191 684 2253; x_wconf 73' lang='lat' dir='ltr'>ante</span> <span class='ocrx_word' id='word_1_118' title='bbox 699 2191 828 2272; x_wconf 77' lang='lat' dir='ltr'>polentai.</span> 
     </span>
    </p>

    <p class='ocr_par' dir='ltr' id='par_1_19' title="bbox 73 2293 830 2377">
     <span class='ocr_line' id='line_1_20' title="bbox 73 2293 830 2377; baseline -0.008 -15"><span class='ocrx_word' id='word_1_119' title='bbox 73 2297 159 2362; x_wconf 88' lang='lat' dir='ltr'>Dum</span> <span class='ocrx_word' id='word_1_120' title='bbox 174 2297 246 2360; x_wconf 87' lang='lat' dir='ltr'>bibit</span> <span class='ocrx_word' id='word_1_121' title='bbox 258 2297 307 2358; x_wconf 90' lang='lat' dir='ltr'>illa</span> <span class='ocrx_word' id='word_1_122' title='bbox 321 2297 432 2371; x_wconf 76' lang='lat' dir='ltr'>danim,</span> <span class='ocrx_word' id='word_1_123' title='bbox 447 2295 512 2356; x_wconf 93' lang='lat' dir='ltr'>duri</span> <span class='ocrx_word' id='word_1_124' title='bbox 526 2316 601 2377; x_wconf 91' lang='lat' dir='ltr'>puer</span> <span class='ocrx_word' id='word_1_125' title='bbox 614 2295 673 2356; x_wconf 91' lang='lat' dir='ltr'>oris</span> <span class='ocrx_word' id='word_1_126' title='bbox 687 2308 718 2355; x_wconf 86' lang='lat' dir='ltr'>et</span> <span class='ocrx_word' id='word_1_127' title='bbox 732 2293 830 2356; x_wconf 85' lang='lat' dir='ltr'>audax</span> 
     </span>
    </p>

    <p class='ocr_par' dir='ltr' id='par_1_20' title="bbox 76 2398 904 2481">
     <span class='ocr_line' id='line_1_21' title="bbox 76 2398 904 2481; baseline -0.006 -15"><span class='ocrx_word' id='word_1_128' title='bbox 76 2402 215 2466; x_wconf 90' lang='lat' dir='ltr'>Constitit</span> <span class='ocrx_word' id='word_1_129' title='bbox 229 2416 296 2464; x_wconf 89' lang='lat' dir='ltr'>ante</span> <span class='ocrx_word' id='word_1_130' title='bbox 312 2401 423 2462; x_wconf 89' lang='lat' dir='ltr'>deam:</span> <span class='ocrx_word' id='word_1_131' title='bbox 444 2399 574 2480; x_wconf 88' lang='lat' dir='ltr'>risitque,</span> <span class='ocrx_word' id='word_1_132' title='bbox 590 2398 764 2481; x_wconf 85' lang='lat' dir='ltr'>avidamque</span> <span class='ocrx_word' id='word_1_133' title='bbox 779 2399 904 2462; x_wconf 87' lang='lat' dir='ltr'>vocavit.</span> 
     </span>
    </p>

    <p class='ocr_par' dir='ltr' id='par_1_21' title="bbox 77 2503 1044 2590">
     <span class='ocr_line' id='line_1_22' title="bbox 77 2503 1044 2590; baseline 0 -20"><span class='ocrx_word' id='word_1_134' title='bbox 77 2506 202 2571; x_wconf 88' lang='lat' dir='ltr'>Offensa</span> <span class='ocrx_word' id='word_1_135' title='bbox 216 2520 278 2569; x_wconf 92' lang='lat' dir='ltr'>est:</span> <span class='ocrx_word' id='word_1_136' title='bbox 302 2525 399 2586; x_wconf 90' lang='lat' dir='ltr'>neque</span> <span class='ocrx_word' id='word_1_137' title='bbox 416 2503 513 2566; x_wconf 89' lang='lat' dir='ltr'>adhuc</span> <span class='ocrx_word' id='word_1_138' title='bbox 528 2504 615 2587; x_wconf 73' lang='lat' dir='ltr'>epoti</span> <span class='ocrx_word' id='word_1_139' title='bbox 628 2518 710 2588; x_wconf 86' lang='lat' dir='ltr'>parte</span> <span class='ocrx_word' id='word_1_140' title='bbox 725 2504 895 2590; x_wconf 90' lang='lat' dir='ltr'>loquentem</span> <span class='ocrx_word' id='word_1_141' title='bbox 979 2510 1044 2570; x_wconf 77' lang='lat'>290</span> 
     </span>
    </p>

    <p class='ocr_par' dir='ltr' id='par_1_22' title="bbox 77 2607 747 2694">
     <span class='ocr_line' id='line_1_23' title="bbox 77 2607 747 2694; baseline -0.004 -19"><span class='ocrx_word' id='word_1_142' title='bbox 77 2611 159 2676; x_wconf 88' lang='lat' dir='ltr'>Cum</span> <span class='ocrx_word' id='word_1_143' title='bbox 173 2612 283 2694; x_wconf 89' lang='lat' dir='ltr'>liquido</span> <span class='ocrx_word' id='word_1_144' title='bbox 297 2608 383 2672; x_wconf 76' lang='lat' dir='ltr'>misti</span> <span class='ocrx_word' id='word_1_145' title='bbox 397 2607 525 2693; x_wconf 85' lang='lat' dir='ltr'>perfudit</span> <span class='ocrx_word' id='word_1_146' title='bbox 539 2609 605 2672; x_wconf 89' lang='lat' dir='ltr'>diva</span> <span class='ocrx_word' id='word_1_147' title='bbox 619 2610 747 2694; x_wconf 77' lang='lat' dir='ltr'>polentd.</span> 
     </span>
    </p>

    <p class='ocr_par' dir='ltr' id='par_1_23' title="bbox 76 2714 930 2802">
     <span class='ocr_line' id='line_1_24' title="bbox 76 2714 930 2802; baseline 0.001 -20"><span class='ocrx_word' id='word_1_148' title='bbox 76 2716 230 2782; x_wconf 89' lang='lat' dir='ltr'>Combibit</span> <span class='ocrx_word' id='word_1_149' title='bbox 243 2738 277 2779; x_wconf 92' lang='lat' dir='ltr'>os</span> <span class='ocrx_word' id='word_1_150' title='bbox 291 2715 423 2778; x_wconf 91' lang='lat' dir='ltr'>maculas</span> <span class='ocrx_word' id='word_1_151' title='bbox 435 2737 445 2793; x_wconf 81' lang='lat'>3</span> <span class='ocrx_word' id='word_1_152' title='bbox 466 2729 505 2790; x_wconf 88' lang='lat' dir='ltr'>et,</span> <span class='ocrx_word' id='word_1_153' title='bbox 520 2714 581 2798; x_wconf 76' lang='lat' dir='ltr'>qud</span> <span class='ocrx_word' id='word_1_154' title='bbox 594 2716 684 2778; x_wconf 76' lang='lat' dir='ltr'>modo</span> <span class='ocrx_word' id='word_1_155' title='bbox 698 2716 818 2780; x_wconf 91' lang='lat' dir='ltr'>brachia</span> <span class='ocrx_word' id='word_1_156' title='bbox 833 2720 930 2802; x_wconf 83' lang='lat' dir='ltr'>gessit,</span> 
     </span>
    </p>

    <p class='ocr_par' dir='ltr' id='par_1_24' title="bbox 76 2821 873 2904">
     <span class='ocr_line' id='line_1_25' title="bbox 76 2821 873 2904; baseline -0.003 -18"><span class='ocrx_word' id='word_1_157' title='bbox 76 2821 175 2886; x_wconf 90' lang='lat' dir='ltr'>Crura</span> <span class='ocrx_word' id='word_1_158' title='bbox 189 2822 281 2904; x_wconf 89' lang='lat' dir='ltr'>gerit:</span> <span class='ocrx_word' id='word_1_159' title='bbox 302 2822 399 2883; x_wconf 90' lang='lat' dir='ltr'>cauda</span> <span class='ocrx_word' id='word_1_160' title='bbox 413 2833 458 2881; x_wconf 88' lang='lat' dir='ltr'>est</span> <span class='ocrx_word' id='word_1_161' title='bbox 471 2821 588 2882; x_wconf 88' lang='lat' dir='ltr'>mutatis</span> <span class='ocrx_word' id='word_1_162' title='bbox 602 2821 700 2883; x_wconf 88' lang='lat' dir='ltr'>addita</span> <span class='ocrx_word' id='word_1_163' title='bbox 710 2824 873 2886; x_wconf 82' lang='lat' dir='ltr'>membris:</span> 
     </span>
    </p>

    <p class='ocr_par' dir='ltr' id='par_1_25' title="bbox 76 2923 894 3011">
     <span class='ocr_line' id='line_1_26' title="bbox 76 2923 894 3011; baseline -0.002 -20"><span class='ocrx_word' id='word_1_164' title='bbox 76 2928 170 3011; x_wconf 92' lang='lat' dir='ltr'>lnque</span> <span class='ocrx_word' id='word_1_165' title='bbox 185 2927 305 2989; x_wconf 89' lang='lat' dir='ltr'>brevem</span> <span class='ocrx_word' id='word_1_166' title='bbox 321 2924 456 2999; x_wconf 87' lang='lat' dir='ltr'>sormam,</span> <span class='ocrx_word' id='word_1_167' title='bbox 470 2946 509 2986; x_wconf 89' lang='lat' dir='ltr'>ne</span> <span class='ocrx_word' id='word_1_168' title='bbox 525 2923 560 2986; x_wconf 93' lang='lat' dir='ltr'>sit</span> <span class='ocrx_word' id='word_1_169' title='bbox 574 2926 617 2986; x_wconf 88' lang='lat' dir='ltr'>vis</span> <span class='ocrx_word' id='word_1_170' title='bbox 636 2947 743 3008; x_wconf 88' lang='lat' dir='ltr'>magna</span> <span class='ocrx_word' id='word_1_171' title='bbox 756 2928 894 3003; x_wconf 89' lang='lat' dir='ltr'>nocendi,</span> 
     </span>
    </p>

    <p class='ocr_par' dir='ltr' id='par_1_26' title="bbox 77 3028 1042 3113">
     <span class='ocr_line' id='line_1_27' title="bbox 77 3028 1042 3113; baseline 0.002 -18"><span class='ocrx_word' id='word_1_172' title='bbox 77 3031 288 3096; x_wconf 89' lang='lat' dir='ltr'>Contrahitur:</span> <span class='ocrx_word' id='word_1_173' title='bbox 310 3028 459 3113; x_wconf 77' lang='lat' dir='ltr'>parvique</span> <span class='ocrx_word' id='word_1_174' title='bbox 473 3029 568 3089; x_wconf 91' lang='lat' dir='ltr'>minor</span> <span class='ocrx_word' id='word_1_175' title='bbox 581 3049 720 3090; x_wconf 89' lang='lat' dir='ltr'>mensura</span> <span class='ocrx_word' id='word_1_176' title='bbox 740 3029 851 3090; x_wconf 73' lang='lat' dir='ltr'>lacerti</span> <span class='ocrx_word' id='word_1_177' title='bbox 865 3046 919 3094; x_wconf 90' lang='lat' dir='ltr'>est.</span> <span class='ocrx_word' id='word_1_178' title='bbox 980 3036 1042 3096; x_wconf 74' lang='lat'>295</span> 
     </span>
    </p>

    <p class='ocr_par' dir='ltr' id='par_1_27' title="bbox 77 3135 947 3217">
     <span class='ocr_line' id='line_1_28' title="bbox 77 3135 947 3217; baseline -0.001 -17"><span class='ocrx_word' id='word_1_179' title='bbox 77 3136 249 3213; x_wconf 88' lang='lat' dir='ltr'>Mirantem,</span> <span class='ocrx_word' id='word_1_180' title='bbox 262 3135 453 3215; x_wconf 89' lang='lat' dir='ltr'>flentemque,</span> <span class='ocrx_word' id='word_1_181' title='bbox 469 3145 499 3193; x_wconf 87' lang='lat' dir='ltr'>et</span> <span class='ocrx_word' id='word_1_182' title='bbox 512 3146 632 3214; x_wconf 83' lang='lat' dir='ltr'>tangere</span> <span class='ocrx_word' id='word_1_183' title='bbox 652 3146 781 3195; x_wconf 89' lang='lat' dir='ltr'>monstra</span> <span class='ocrx_word' id='word_1_184' title='bbox 795 3151 947 3217; x_wconf 91' lang='lat' dir='ltr'>parantem</span> 
     </span>
    </p>

    <p class='ocr_par' dir='ltr' id='par_1_28' title="bbox 78 3236 904 3324">
     <span class='ocr_line' id='line_1_29' title="bbox 78 3236 904 3324; baseline -0.004 -18"><span class='ocrx_word' id='word_1_185' title='bbox 78 3240 169 3324; x_wconf 81' lang='lat' dir='ltr'>Fugit</span> <span class='ocrx_word' id='word_1_186' title='bbox 183 3262 294 3318; x_wconf 82' lang='lat' dir='ltr'>anum3</span> <span class='ocrx_word' id='word_1_187' title='bbox 315 3239 515 3320; x_wconf 87' lang='lat' dir='ltr'>latebramque</span> <span class='ocrx_word' id='word_1_188' title='bbox 530 3236 619 3320; x_wconf 88' lang='lat' dir='ltr'>petit:</span> <span class='ocrx_word' id='word_1_189' title='bbox 641 3249 800 3322; x_wconf 90' lang='lat' dir='ltr'>aptumque</span> <span class='ocrx_word' id='word_1_190' title='bbox 814 3241 904 3304; x_wconf 88' lang='lat' dir='ltr'>colori</span> 
     </span>
    </p>

    <p class='ocr_par' dir='ltr' id='par_1_29' title="bbox 77 3342 806 3426">
     <span class='ocr_line' id='line_1_30' title="bbox 77 3342 806 3426; baseline -0.015 -11"><span class='ocrx_word' id='word_1_191' title='bbox 77 3344 199 3415; x_wconf 77' lang='lat' dir='ltr'>Nomen</span> <span class='ocrx_word' id='word_1_192' title='bbox 214 3346 313 3422; x_wconf 90' lang='lat' dir='ltr'>habet,</span> <span class='ocrx_word' id='word_1_193' title='bbox 327 3345 414 3407; x_wconf 89' lang='lat' dir='ltr'>variis</span> <span class='ocrx_word' id='word_1_194' title='bbox 431 3342 558 3406; x_wconf 88' lang='lat' dir='ltr'>stellatus</span> <span class='ocrx_word' id='word_1_195' title='bbox 574 3363 696 3425; x_wconf 89' lang='lat' dir='ltr'>corpora</span> <span class='ocrx_word' id='word_1_196' title='bbox 710 3344 806 3426; x_wconf 85' lang='lat' dir='ltr'>guttis.</span> 
     </span>
    </p>

    <p class='ocr_par' dir='ltr' id='par_1_30' title="bbox 31 3449 863 3533">
     <span class='ocr_line' id='line_1_31' title="bbox 31 3449 863 3533; baseline -0.001 -20"><span class='ocrx_word' id='word_1_197' title='bbox 31 3492 45 3513; x_wconf 82' lang='grc'>.</span> <span class='ocrx_word' id='word_1_198' title='bbox 121 3450 208 3525; x_wconf 80' lang='lat' dir='ltr'>Quas</span> <span class='ocrx_word' id='word_1_199' title='bbox 223 3451 280 3514; x_wconf 89' lang='lat' dir='ltr'>dea</span> <span class='ocrx_word' id='word_1_200' title='bbox 293 3471 346 3533; x_wconf 92' lang='lat' dir='ltr'>per</span> <span class='ocrx_word' id='word_1_201' title='bbox 361 3464 463 3526; x_wconf 89' lang='lat' dir='ltr'>terras,</span> <span class='ocrx_word' id='word_1_202' title='bbox 478 3461 508 3512; x_wconf 88' lang='lat' dir='ltr'>et</span> <span class='ocrx_word' id='word_1_203' title='bbox 522 3469 594 3531; x_wconf 89' lang='lat' dir='ltr'>quas</span> <span class='ocrx_word' id='word_1_204' title='bbox 609 3449 747 3512; x_wconf 90' lang='lat' dir='ltr'>erraverit</span> <span class='ocrx_word' id='word_1_205' title='bbox 761 3450 863 3526; x_wconf 91' lang='lat' dir='ltr'>undas,</span> 
     </span>
    </p>

    <p class='ocr_par' dir='ltr' id='par_1_31' title="bbox 78 3552 1041 3638">
     <span class='ocr_line' id='line_1_32' title="bbox 78 3552 1041 3638; baseline 0 -18"><span class='ocrx_word' id='word_1_206' title='bbox 78 3555 191 3621; x_wconf 89' lang='lat' dir='ltr'>Dicere</span> <span class='ocrx_word' id='word_1_207' title='bbox 206 3556 292 3638; x_wconf 88' lang='lat' dir='ltr'>longa</span> <span class='ocrx_word' id='word_1_208' title='bbox 306 3576 389 3618; x_wconf 86' lang='lat' dir='ltr'>mora</span> <span class='ocrx_word' id='word_1_209' title='bbox 403 3569 456 3617; x_wconf 91' lang='lat' dir='ltr'>est.</span> <span class='ocrx_word' id='word_1_210' title='bbox 503 3552 654 3628; x_wconf 86' lang='lat' dir='ltr'>Quaerenti</span> <span class='ocrx_word' id='word_1_211' title='bbox 669 3552 760 3616; x_wconf 91' lang='lat' dir='ltr'>desuit</span> <span class='ocrx_word' id='word_1_212' title='bbox 774 3555 860 3617; x_wconf 91' lang='lat' dir='ltr'>orbis.</span> <span class='ocrx_word' id='word_1_213' title='bbox 980 3562 1041 3620; x_wconf 81' lang='grc'>300</span> 
     </span>
    </p>

    <p class='ocr_par' dir='ltr' id='par_1_32' title="bbox 28 3656 904 3744">
     <span class='ocr_line' id='line_1_33' title="bbox 28 3656 904 3744; baseline -0.008 -16"><span class='ocrx_word' id='word_1_214' title='bbox 28 3656 32 3673; x_wconf 78' lang='lat'>⁷</span> <span class='ocrx_word' id='word_1_215' title='bbox 79 3661 229 3729; x_wconf 86' lang='lat' dir='ltr'>Sicaniam</span> <span class='ocrx_word' id='word_1_216' title='bbox 243 3660 356 3744; x_wconf 88' lang='lat' dir='ltr'>repetit.</span> <span class='ocrx_word' id='word_1_217' title='bbox 401 3660 543 3743; x_wconf 91' lang='lat' dir='ltr'>Dumque</span> <span class='ocrx_word' id='word_1_218' title='bbox 558 3661 656 3723; x_wconf 89' lang='lat' dir='ltr'>omnia</span> <span class='ocrx_word' id='word_1_219' title='bbox 670 3660 770 3722; x_wconf 88' lang='lat' dir='ltr'>lustrat</span> <span class='ocrx_word' id='word_1_220' title='bbox 784 3660 881 3722; x_wconf 89' lang='lat' dir='ltr'>eundo</span> <span class='ocrx_word' id='word_1_221' title='bbox 892 3683 904 3740; x_wconf 80' lang='lat'>3</span> 
     </span>
    </p>
   </div>
   <div class='ocr_carea' id='block_1_3' title="bbox 0 0 1138 4042">
    <p class='ocr_par' dir='ltr' id='par_1_33' title="bbox 0 0 1138 4042">
     <span class='ocr_line' id='line_1_34' title="bbox 0 0 1138 4042; baseline 0 0"><span class='ocrx_word' id='word_1_222' title='bbox 0 0 1138 4042; x_wconf 95' lang='lat' dir='ltr'> </span> 
     </span>
    </p>
   </div>
  </div>
 </body>
</html>
