2264 4042
478 237 685 306 mmm

92 399 156 467 Hic
170 424 244 480 nux,
258 400 309 468 hic
322 403 417 469 minu
428 417 475 469 est
487 406 603 490 rugosis
616 406 716 471 carice
728 406 846 492 palmis,

89 506 265 594 Primaque,
280 510 352 574 etin
365 511 472 596 patulis
486 512 649 579 redolentia
662 514 743 603 mala
755 512 898 590 canistris,

90 612 134 679 Et
149 616 188 678 de
202 618 356 702 purpureis
369 619 502 682 collectae
516 619 622 684 vitibus
636 643 711 685 uve.

89 719 249 788 (laudidus
262 725 291 788 iu
305 725 409 791 medio
422 724 508 792 favus
521 740 578 791 est.
622 725 721 812 Super
735 726 834 792 omnia
847 725 945 792 udms
1004 731 1064 794 lut

89 828 260 895 Accessere
274 831 366 896 boni:
387 854 446 897 nec
460 834 540 898 iners
549 855 722 920 pauperque
735 835 890 921 volunms„

133 935 262 1015 Interea,
278 939 395 1023 quoties
407 939 545 1004 haustum
560 955 675 1005 cratera
687 940 796 1026 repleri

91 1041 207 1128 Sponte
224 1043 287 1122 sud,
303 1067 358 1129 per
371 1067 465 1131 seque
480 1048 579 1112 rident
593 1068 786 1113 sirccrescere
800 1049 879 1129 vina,

89 1151 212 1214 Attoniti
227 1152 354 1217 ueritate
367 1167 485 1237 pavent,
499 1155 694 1241 manibusque
709 1155 821 1240 supinis

89 1254 271 1341 Concipiunt
284 1258 456 1344 Baucisque
470 1281 588 1343 preces,
602 1261 781 1346 timidusque
796 1260 976 1327 Philemon:
1007 1265 1069 1328 tto

87 1361 132 1426 Et
145 1365 261 1428 veniam
277 1365 411 1450 dapibus,
426 1367 569 1451 nullisque
584 1368 732 1452 paratibus
745 1383 841 1433 orant.

131 1468 248 1535 Unicus
262 1493 349 1536 auser
363 1486 436 1550 erat,
452 1473 579 1536 minimae
593 1474 728 1537 custodia
742 1474 837 1538 villars

83 1573 192 1650 ¹Quem
208 1575 255 1640 dis
268 1578 431 1660 hospitibus
445 1578 556 1640 domiui
570 1592 702 1641 mactare
716 1580 877 1664 parabant:

87 1681 140 1746 Ille
156 1685 239 1747 celer
252 1681 352 1767 pennis
365 1684 467 1746 tardos
481 1696 565 1746 etate
580 1681 681 1768 fatigat
689 1706 699 1764 3

89 1787 252 1875 Eluditque
268 1788 340 1852 diu:
360 1788 694 1874 tandemqueestvisus
709 1790 842 1876 adipsos
1001 1800 1061 1861 145

61 1920 65 1926 ·
87 1894 266 1981 Confugisse
282 1897 366 1960 deos.
411 1895 519 1982 Superi
534 1897 655 1961 vettrdre
669 1884 791 1979 necari}

88 2000 223 2088 “Dique
237 2025 358 2084 sumus3
380 2004 559 2088 meritasque
574 2004 637 2066 luet
649 2003 757 2070 vicinia
770 2025 876 2088 pmnes

85 2107 212 2192 Impia,”
227 2109 365 2174 dixerunt
377 2132 386 2172 r
408 2117 428 2149 ‘⁶
440 2109 524 2174 vobis
537 2108 717 2172 numeneus
730 2110 818 2194 hujus

85 2213 165 2280 Esse
179 2216 249 2279 mali
261 2217 375 2280 dabitur
389 2237 397 2278 ι
429 2214 520 2279 modd
535 2229 632 2279 vestra
645 2215 800 2297 relinquite
812 2229 913 2297 tecta3

86 2323 133 2386 Ac
148 2336 263 2386 nostros
277 2322 417 2385 comitate
432 2321 564 2405 gradus3
586 2319 656 2381 etin
671 2319 765 2381 ardua
778 2319 885 2386 montis
1001 2327 1063 2390 150

86 2428 130 2492 Ite
145 2428 263 2493 simul.”
308 2427 421 2490 Parent
435 2426 533 2501 ambo,
549 2424 720 2508 baculisque
734 2425 821 2488 levati

86 2533 226 2599 Nituntur
239 2537 328 2618 longo
342 2532 464 2616 vesu'gia
477 2552 589 2616 ponere
603 2531 691 2594 clivo.

128 2641 262 2705 Tantum
276 2642 399 2704 aberent
412 2659 539 2716 summo,
555 2651 696 2722 quantum
710 2639 805 2702 semel
818 2641 861 2704 ire
876 2642 980 2728 sagitta

85 2745 180 2813 Missa
194 2761 309 2833 potest:
331 2745 445 2810 flexere
460 2745 574 2822 oculos,
588 2758 621 2808 et
633 2766 732 2809 rnersa
745 2746 856 2831 palude

85 2853 206 2919 Caetera
219 2853 419 2938 prospiciunt:
440 2851 553 2914 tentum
568 2873 622 2914 sua
634 2864 715 2915 tecta
732 2873 865 2915 manere.
997 2861 1060 2923 155

84 2959 229 3046 Dumque
245 2981 282 3023 ea
296 2959 437 3022 mirantur
449 2980 466 3041 ς·
481 2957 553 3020 dum
568 2956 681 3019 deflent
694 2956 755 3020 fata
768 2979 912 3022 suorumr

84 3065 138 3131 illa
151 3080 237 3130 vetus
252 3065 376 3130 dominis
391 3063 480 3126 etiem
495 3082 669 3144 casapetra
686 3061 811 3138 duobus,

83 3170 216 3236 Vertitur
229 3172 258 3235 in
273 3170 439 3255 templum:
461 3165 560 3232 furcas
575 3166 691 3229 subiere
707 3166 874 3234 columne:

85 3279 235 3344 stramina
249 3277 433 3363 flavescunt;
455 3274 657 3358 adopertaque
672 3295 821 3341 marmore
836 3279 932 3358 tellus,

84 3382 371 3469 Celataequesores,
386 3395 547 3465 aurataque
561 3392 642 3443 tecta
654 3380 800 3451 videsue
998 3393 1059 3460 160

82 3491 173 3556 Talia
187 3512 257 3554 cum
271 3489 389 3575 placido
404 3486 559 3553 satunius
572 3485 666 3550 edidit
678 3508 752 3551 orer

84 3607 104 3638 ‘⁴
113 3597 315 3683 Dicite,juste
329 3616 435 3674 senen,
450 3608 481 3660 et
495 3592 618 3661 soemine
631 3593 760 3682 conittge
771 3591 856 3683 pasto

68 3701 181 3784 ffi'gne,
199 3702 272 3787 quid
284 3703 431 3788 optetis-'⁹
476 3703 729 3800 Cum-Baucida
740 3702 998 3792 panniacum,
