2264 4042
366 238 435 293 LIB.
452 237 499 292 IV.
520 237 661 292 ELEGIA
679 237 715 290 X.

62 397 154 480 Saepe
169 411 252 481 pater
266 397 348 472 dixit,
365 395 500 458 Studium
515 395 585 477 quid
600 395 698 456 inutile
714 390 833 456 tentas?

106 501 269 565 Maeonides
283 504 374 566 nullas
387 501 450 585 ipse
465 501 580 583 reliquit
593 522 675 582 opes.

62 603 166 668 Motus
181 629 260 669 eram
277 608 381 670 dictis:
403 621 523 689 totoque
539 604 687 666 Helicone
703 605 814 680 relicto,

106 711 243 774 Scribere
259 714 388 775 conabar
402 712 493 773 verba
507 711 599 772 soluta
614 709 719 772 modis.

64 814 176 898 Sponte
192 815 245 878 sub
258 838 396 879 numeros
411 836 532 878 carmen
547 815 681 876 veniebat
696 814 733 876 ad
750 828 831 898 aptos
848 836 855 875 :

104 918 154 994 Et,
171 922 250 1003 quod
265 923 414 983 tentabam
430 922 541 996 dicere,
556 942 659 982 versus
674 934 746 982 erat.

62 1024 187 1100 Interea,
203 1026 291 1087 tacito
306 1048 394 1108 passu
408 1025 569 1088 labentibus
584 1026 675 1100 annis

105 1131 240 1193 Liberior
256 1130 333 1193 sratri
349 1145 472 1214 sumpta,
487 1132 626 1215 mihique,
641 1145 709 1214 toga
723 1147 787 1195 est:

61 1237 252 1318 induiturque
268 1238 404 1300 humeros
419 1259 488 1299 eum
502 1238 560 1299 lato
574 1259 703 1319 purpura
716 1238 821 1298 clavo:

106 1325 148 1402 Et
162 1342 288 1404 studium
303 1343 396 1416 nobis,
413 1342 492 1423 quod
507 1340 559 1401 suit
574 1341 650 1416 ante,
665 1355 774 1403 manet.

62 1443 189 1528 Jamque
206 1447 312 1507 decem
328 1446 390 1506 vitae
406 1445 494 1507 frater
508 1445 707 1526 geminaverat
721 1467 822 1522 annos,

105 1550 186 1612 Ciam
202 1551 296 1632 perit,
319 1563 349 1609 et
362 1550 440 1630 coepi
455 1563 536 1630 parte
552 1569 654 1609 carere
668 1543 738 1611 mei.

61 1653 209 1735 Cepimus
223 1666 253 1714 ct
266 1667 372 1714 tenerae
388 1652 497 1734 primos
513 1652 602 1713 aetatis
616 1652 763 1733 honores3

106 1757 196 1839 Eque
211 1757 277 1818 viris
292 1757 440 1838 quondam
454 1779 521 1839 pars
536 1757 626 1819 tribus
641 1780 697 1820 una
720 1758 771 1821 fui.

62 1861 156 1924 Curia
171 1863 316 1924 restabat:
338 1862 411 1923 olavi
426 1883 563 1924 mensura
578 1876 681 1927 coacta
696 1878 759 1927 est:

105 1965 204 2049 Majus
218 1980 280 2028 erat
293 1967 395 2028 nostris
406 1967 513 2029 viribus
527 1967 596 2028 illud
611 1991 694 2030 onus.

61 2071 131 2134 Nec
146 2071 258 2153 patiens
273 2092 389 2154 corpus,
404 2093 460 2133 neo
476 2094 560 2133 mens
574 2071 626 2133 suit
641 2086 709 2154 apta
723 2073 824 2150 labori,

106 2175 304 2258 Sollicitaeque
320 2175 410 2257 fugax
425 2175 586 2236 ambitionis
601 2196 682 2236 eram
697 2199 704 2236 :

34 2310 49 2338 ι
60 2280 104 2344 Et
118 2295 218 2363 petere
233 2281 340 2341 Abniae
356 2280 517 2341 suadebant
531 2293 591 2339 tuta
613 2301 727 2341 sorores

15 2366 21 2371 Ι
104 2386 184 2462 Otia,
194 2386 307 2469 judicio
323 2404 439 2464 semper
454 2397 549 2444 amata
563 2404 642 2444 meo.

60 2491 220 2574 Temporis
234 2490 309 2551 illius
324 2488 400 2550 colui
415 2486 529 2569 fovique
544 2491 667 2570 poe'tast

103 2596 244 2678 Quotque
260 2595 380 2655 aderant
394 2608 483 2667 vates,
500 2595 584 2656 rebar
599 2595 703 2658 adesse
719 2597 801 2661 deos.

60 2698 147 2782 Saepe
163 2721 230 2762 suas
245 2700 378 2761 volucres
393 2699 462 2781 legit
475 2699 544 2760 mihi
560 2700 695 2781 grandior
710 2724 781 2779 aevn,

102 2802 238 2887 Quaeque
253 2818 340 2866 necet
354 2826 482 2886 serpens
498 2825 560 2887 quae
571 2804 656 2889 juvet
669 2807 769 2884 herba,
785 2808 899 2876 Macer.

61 2906 150 2991 Saepe
166 2931 233 2970 suos
248 2910 345 2969 solitus
361 2909 481 2970 recitare
497 2908 667 2991 Propertius
682 2912 781 2993 ignes3
978 2926 1020 2984 45

99 3012 120 3073 J
122 3035 172 3075 ure
189 3014 318 3075 sodalitio
333 3015 381 3097 qui
396 3014 465 3074 mihi
474 3014 593 3097 junctus
607 3029 679 3077 erat.

57 3116 201 3180 Ponticus
217 3117 329 3193 Horou,
344 3118 456 3180 Bassus
471 3139 587 3200 quoque
603 3121 698 3182 clarus
712 3121 824 3200 lambo,

99 3222 207 3285 Dulcia
221 3223 370 3285 convictus
385 3224 518 3284 membra
532 3223 614 3284 suere
630 3227 698 3287 mei.

55 3323 100 3388 Et
115 3328 205 3389 tenuit
219 3342 330 3389 nostras
344 3349 518 3390 numerosus
534 3327 673 3392 Horatius
688 3355 793 3414 aures;

97 3430 178 3492 Dutn
195 3430 260 3493 serit
273 3432 404 3494 Ausonia
419 3433 548 3495 earmina
562 3435 638 3496 culta
653 3436 726 3516 lyrb.

51 3531 207 3617 Virgilium
222 3536 280 3598 vidi
295 3536 426 3598 tantum:
447 3561 503 3601 nec
519 3561 617 3602 arnam
630 3540 750 3606 Tibullo

96 3638 232 3724 Tempus'
246 3642 377 3704 amicitia
392 3641 451 3707 lata
466 3645 578 3715 dedere
593 3668 681 3712 meae.

320 3770 362 3830 16
