2264 4042
88 256 130 326 54
392 229 768 318 unrnnournosnon

85 415 245 495 Moeuibus
260 428 291 481 et
303 430 387 482 vasto
402 419 525 483 dederat
539 420 683 483 servanda
698 417 838 482 draconi:
999 416 1070 477 29⁰

87 522 277 608 Arcobatque
292 524 352 587 suis
366 538 505 589 extomos
519 527 625 606 finibus
639 548 753 590 omnes.

91 626 173 692 Huic
189 648 316 713 quoque,
333 628 438 693 ‘Vade
454 632 567 716 procul,
581 654 619 694 ne
634 632 720 715 longe
737 631 828 715 gloria
842 648 951 705 mmm,

93 730 181 805 Quas
196 733 359 811 mentiris,'
374 734 424 811 ait,
441 735 547 818 ‘longe
562 735 613 799 tibi
628 733 744 818 Jupiter
756 732 852 796 absit.'

91 833 222 920 Vimque
237 837 322 901 minis
338 839 440 902 addit:
462 838 632 924 foribusque
648 839 799 923 expellere
814 850 907 900 tentat

89 938 298 1019 Cunctantem,
313 958 344 1006 et
353 945 476 1028 placidis
491 946 666 1007 miscentem
681 942 765 1007 sortia
781 943 877 1005 dictis.
999 941 1068 1002 295

89 1044 209 1110 Viribus
220 1047 346 1124 inferior,
364 1047 443 1132 (quis
459 1050 538 1111 enim
552 1071 606 1132 par
621 1063 700 1112 esset
713 1049 823 1112 Atlanti

93 1150 212 1217 Viribus
226 1153 254 1240 ?)
279 1155 339 1217 ‘At
350 1155 488 1238 quoniam
503 1156 584 1238 parvi
599 1155 649 1217 tibi
664 1155 756 1238 gratia
771 1168 871 1217 nostra
884 1165 952 1231 est3

91 1259 208 1343 Accipe
223 1281 340 1336 munus,
353 1261 361 1291 '
377 1261 437 1338 ait3
459 1259 591 1344 levdque
607 1274 723 1344 aparte
738 1259 873 1323 Medusa

91 1361 160 1446 Ipse
175 1377 354 1426 retroversus
369 1363 541 1447 squallentia
554 1364 681 1448 prodidit
696 1387 757 1427 ora.

93 1469 231 1544 Quantus
246 1484 317 1546 erat,
333 1493 417 1533 mons
433 1469 528 1534 lactus
543 1472 637 1534 Atlas.
682 1471 752 1533 Jam
766 1472 859 1534 barba
873 1489 1036 1554 comasque
1103 1496 1105 1501 >

91 1576 127 1640 In
140 1579 225 1641 silvas
241 1579 367 1641 abeunt:
385 1577 459 1664 juga
473 1592 540 1642 sunt
554 1579 728 1662 humerique
745 1597 917 1660 manusque.
1004 1580 1070 1638 301

93 1681 187 1755 Quod
203 1699 292 1766 caput
307 1684 373 1745 antb
389 1683 451 1760 fuit,
467 1707 583 1748 summo
599 1685 686 1747 estin
700 1699 801 1748 monte
816 1704 973 1747 cacumen.
1071 1670 1075 1676 ’

95 1786 174 1849 Ossa
189 1788 261 1870 lapis
272 1788 353 1850 fiunt.
399 1779 481 1849 Tum
496 1803 594 1871 partes
609 1803 712 1850 auctus
726 1789 756 1849 in
771 1810 875 1851 omnes

94 1891 198 1955 Crevit
212 1893 240 1953 in
255 1893 443 1967 immensum,
460 1891 518 1976 (sic
533 1893 563 1955 di
577 1892 728 1978 statuistis)
745 1907 775 1956 et
788 1914 877 1956 omne

96 1997 178 2063 Cum
192 2012 234 2062 tot
249 1999 391 2063 sideribus
405 2000 515 2063 coelum
529 2000 673 2084 requievit
686 2001 716 2064 in
730 2000 789 2064 illo.
1007 2004 1072 2065 305

280 2266 422 2309 PERSEOS
447 2266 489 2309 ΕΤ
513 2267 723 2310 annnorum
746 2268 888 2312 NUPTIAE.

519 2479 550 2519 v.
575 2462 648 2521 aaa.
696 2432 697 2435 ‘

140 2601 298 2664 Clauserat
312 2597 499 2682 Hippotades
514 2616 622 2664 aetemo
636 2624 758 2667 carcere
773 2619 875 2671 ventos
891 2629 899 2668 ε

96 2707 331 2790 Admonitorque
346 2727 471 2789 operum
486 2707 564 2770 coelo
578 2707 756 2773 clarissimus
771 2711 828 2773 alto

97 2810 220 2876 Lucifer
235 2823 314 2872 ortus
329 2823 401 2872 erat.
446 2808 557 2873 Pennis
571 2811 641 2894 ligat
654 2810 702 2874 ille
717 2812 873 2897 resumptis

98 2916 189 2980 Parte
206 2915 242 2978 ab
258 2915 380 2999 utrique
395 2916 490 2998 pedes
499 2938 509 2995 3
531 2916 649 2999 teloque
666 2917 827 3002 adcingitur
842 2940 940 2982 unco:

99 3018 142 3083 Et
155 3018 297 3103 liquidum
312 3017 397 3082 motis
410 3019 549 3082 talaribus
565 3021 635 3083 ae‘ra
648 3020 741 3084 findit.
1011 3027 1078 3089 310

99 3125 244 3189 Gentibus
258 3125 416 3188 innumeris
432 3126 603 3210 circbmque
619 3124 752 3211 infraque
767 3125 884 3203 relictis,

99 3231 274 3315 AEthiopum
288 3231 422 3316 populos,
438 3231 577 3317 Cepheia
590 3233 733 3314 conspicit
747 3252 827 3295 arva.

143 3332 207 3397 lllic
221 3332 397 3396 immeritam
411 3348 549 3397 matemae
565 3334 696 3418 pendere
711 3332 815 3416 linguae

100 3440 313 3506 Andromedan
328 3460 432 3523 poeuas
446 3440 564 3504 immitis
573 3439 702 3525 jusserat
715 3439 857 3505 Amuton.

100 3546 202 3621 Quam
218 3545 304 3608 simul
319 3545 358 3608 ad
373 3544 461 3609 duras
475 3547 628 3630 religatam
642 3546 764 3611 brachia
778 3565 883 3614 cautes
1011 3555 1076 3617 315

90 3648 172 3714 Wdr't
181 3650 376 3718 Abantiades
383 3674 397 3736 ,·
419 3652 470 3733 ait,
488 3650 538 3718 ‘O
552 3673 613 3719 nou
628 3651 720 3741 digna
732 3655 858 3731 catenis,
