2264 4042
45 232 66 296 8
361 214 739 283 unrnnournoscou

45 387 190 452 Struxerit
204 385 331 462 insidias,
345 399 431 450 notus
446 384 569 461 len'tate,
583 380 711 469 Lycaon
720 382 753 447 ?’

87 491 302 557 Confremuere
317 513 443 555 onmes:
465 490 625 574 surdiisque
640 489 808 554 ardentibus
822 509 927 554 ausum

41 594 129 682 Talia
144 596 317 679 deposcunt.
364 593 426 669 Sic,
442 592 511 656 oum
526 615 631 657 manus
645 593 735 678 impie
749 580 828 657 saevit
957 594 1022 657 200

44 695 194 786 Sanguine
208 699 348 764 Cesareo
363 699 535 763 Romanum
551 699 722 784 extinguere
737 719 858 776 nornen,

42 805 207 868 Attonitum
221 817 306 867 tantae
318 803 413 867 subito
427 817 538 867 terrore
552 803 642 867 ruine

44 907 218 973 Humanum
233 931 326 992 genus
340 923 407 989 est;
428 924 563 994 totusque
578 909 743 993 perhorruit
756 908 845 973 orbis.

44 1012 113 1076 Nec
127 1013 177 1075 tibi
192 1026 274 1096 grata
288 1013 384 1076 minus
398 1013 501 1097 pietas,
516 1013 661 1096 Auguste,
676 1026 803 1088 tuorum,

43 1116 146 1192 Quem
161 1116 214 1180 suit
227 1118 276 1180 illa
289 1116 366 1180 Jovi.
413 1116 475 1192 Qui
489 1132 645 1202 postquam
664 1139 738 1182 voce
752 1137 903 1202 manuque
955 1121 1019 1182 205

43 1217 199 1282 Murmura
213 1220 408 1304 compressit3
429 1202 552 1283 tenubre
568 1220 680 1284 silentia
694 1221 803 1285 cuncti.

43 1322 176 1391 Substitit
190 1338 222 1386 ut
235 1325 356 1401 clamor,
371 1346 489 1410 pressus
503 1327 643 1411 gravitate
657 1327 807 1410 regentis;

40 1426 155 1513 Jupiter
168 1431 226 1493 hoc
241 1430 347 1493 iterum
362 1453 498 1494 sermone
514 1432 626 1496 silentia
640 1433 769 1517 rumpit:

42 1532 115 1594 ‘Ille
131 1532 251 1616 quidem
266 1555 369 1616 poenas
385 1531 502 1619 (curam
516 1535 594 1598 hanc
610 1533 757 1621 dimit'tite)
773 1536 878 1616 solvit3

40 1632 134 1708 Quod
148 1648 247 1697 tamen
263 1636 433 1711 admissum,
449 1657 513 1719 quae
530 1638 565 1699 sit
579 1638 717 1712 vindicta,
727 1638 853 1702 docebo.
954 1640 1020 1702 210

42 1736 215 1821 Contigerat
228 1751 341 1812 nostras
355 1737 474 1814 infamia
487 1738 628 1820 temporis
643 1759 729 1801 aures
742 1761 751 1799 r

43 1841 146 1916 Quam
160 1842 283 1926 cupiens
298 1834 412 1918 salsam,
427 1864 544 1905 summo
559 1842 680 1906 delabor
695 1842 837 1928 Olympo,

41 1947 84 2012 Et
98 1950 172 2012 deus
186 1947 316 2011 humanit
329 1949 419 2011 lustro
433 1948 487 2011 sub
502 1947 629 2032 imagine
640 1963 743 2013 terras.

42 2055 150 2139 Longa
164 2076 246 2119 mora
262 2069 316 2131 est,
332 2069 473 2139 quantum
487 2077 572 2118 noxae
589 2056 624 2118 sit
637 2056 747 2139 ubique
761 2069 921 2142 repertum,

42 2157 250 2222 Enumerare:
272 2157 367 2221 minor
382 2155 434 2221 fuit
447 2158 511 2243 ipsa
525 2157 644 2221 infamia
658 2180 739 2221 vero.
953 2165 1018 2224 215

42 2258 169 2324 Maenala
183 2261 364 2338 transieram,
379 2260 497 2324 latebris
511 2260 660 2325 horrenda
674 2259 812 2340 serarum,

41 2361 167 2427 Etcum
183 2361 310 2445 Cyllene
325 2363 412 2444 gelidi
426 2363 525 2445 pineta
540 2362 647 2446 Lycei.
694 2445 696 2448 Ι

41 2466 177 2532 Arcados
191 2467 260 2530 hinc
276 2467 363 2530 sedes
378 2479 408 2528 et
421 2466 565 2550 inhospita
578 2480 657 2531 tecta
671 2470 786 2552 tyranni

41 2572 203 2657 Ingredior,
220 2572 367 2635 traherent
380 2570 451 2633 otim
466 2593 532 2634 sera
547 2575 720 2654 crepuscula
735 2589 865 2640 noctem.
953 2657 957 2663 Ι

43 2677 135 2762 Signa
150 2677 224 2740 dedi·
233 2676 348 2741 venisse
363 2676 453 2739 deum
466 2699 476 2754 3
497 2676 661 2761 vulgusque
676 2679 790 2762 precari
951 2687 1015 2746 220

41 2779 194 2865 Coeperat.
239 2779 345 2842 Irridet
358 2778 454 2864 primi)
468 2779 517 2863 pia
531 2795 597 2844 vota
612 2780 748 2864 Lycaon.

41 2881 117 2946 Mox
133 2883 180 2958 ait,
193 2889 202 2919 ‘
217 2880 375 2966 Experiar,
391 2882 465 2944 deus
480 2881 538 2958 hic,
553 2883 720 2947 discrimine
735 2899 846 2969 aperto,

41 2985 91 3048 An
106 2985 141 3048 sit
155 2985 304 3048 mortalis:
326 3006 383 3048 nec
398 2984 452 3048 erit
467 2985 624 3050 dubitabile
639 2988 764 3051 verum!

39 3088 140 3156 Nocte
156 3112 275 3174 gravem
291 3112 393 3153 somno
407 3114 464 3155 nec
479 3091 568 3176 opinis
581 3093 706 3177 perdere
722 3106 817 3156 morte
904 3140 907 3144 -

1 3192 5 3201 '
40 3191 95 3259 Me
109 3207 203 3278 parat.
249 3190 326 3256 Haec
340 3193 379 3256 illi
393 3195 493 3278 placet
507 3196 689 3279 experientia
704 3195 776 3258 veri.
948 3202 1016 3263 225

40 3298 72 3361 N
73 3320 109 3361 ec
124 3311 277 3361 contentus
292 3320 339 3374 eo,
354 3298 434 3363 missi
449 3300 488 3363 de
503 3314 590 3383 gente
606 3299 739 3364 Molossia

40 3400 160 3469 Obsidis
175 3403 260 3467 unius
270 3403 405 3490 jugulum
420 3426 562 3469 mucrone
577 3405 715 3469 resolvit:

38 3511 138 3594 Atque
152 3509 193 3572 ita
207 3510 371 3574 semineces
386 3511 491 3595 partim
504 3509 683 3575 serventibus
698 3523 777 3575 artus

37 3613 135 3680 Mollit
150 3614 242 3698 aquis,
258 3616 363 3698 partim
378 3601 512 3701 subjecto
526 3615 628 3679 torruit
641 3616 711 3699 igni.
