2264 4042
106 274 148 337 80
359 270 371 287 ²
396 273 773 334 Murnuonrflosuon

107 429 259 517 Quodque
275 453 328 496 suo
341 430 446 518 Tagus
458 456 546 500 amne
560 435 649 512 vehit,
664 434 728 498 fluit
741 434 867 518 ignibus,
882 453 1001 535 aurum,
1023 437 1094 497 250

106 532 158 610 Et,
174 555 237 618 que
253 533 396 600 Maeonias
409 537 595 601 celebrirant
609 538 741 602 carmine
755 538 843 621 ripas,

107 633 270 701 Flumineae
287 640 422 703 volucres
436 640 537 704 medio
548 640 668 704 caluere
684 638 824 724 Caystro,

106 736 194 803 Nilus
208 739 237 802 in
253 755 419 806 extremum
435 741 509 828 fugit
521 744 693 828 perterritus
707 742 822 820 orbem,

107 842 305 932 Occuluitque
319 862 419 932 caput,
435 849 515 932 quod
531 849 629 913 adhuc
644 848 723 911 latet.
770 845 856 910 Ostia
869 860 985 931 septem

105 947 315 1016 Pulverulenta
329 966 445 1030 vacant,
460 967 576 1037 septem
591 953 653 1017 sine
668 951 788 1015 flumine
803 950 905 1014 valles.
1021 953 1088 1014 255

105 1051 183 1120 Fors
197 1057 305 1120 eadem
316 1058 454 1123 Ismarios
469 1058 606 1122 Hebrum
621 1081 691 1122 cum
708 1057 867 1142 Strymone
882 1056 983 1134 siccet,

105 1160 329 1249 Hesperiosque
342 1186 454 1241 amnes,
465 1164 617 1241 Rhenum,
627 1163 881 1247 Rhodanumque,
893 1161 1087 1247 Padumque,

105 1266 224 1355 Cuique
240 1270 293 1334 fuit
307 1293 407 1335 rerum
421 1271 565 1356 promissa
579 1271 718 1356 potentia,
734 1269 882 1354 Thybrin.

103 1374 217 1442 Dissilit
230 1399 319 1442 omne
335 1380 429 1443 solum
442 1403 451 1459 3
473 1393 667 1463 penetratque
682 1379 713 1442 in
725 1376 853 1442 'l'artara
867 1377 947 1440 rimis

102 1477 233 1558 Lumen,
245 1497 276 1546 et
288 1481 434 1546 infernum
448 1497 538 1547 terret
552 1505 621 1546 cum
637 1481 762 1566 conjuge
777 1502 890 1564 regem.
911 1565 913 1569 y
1022 1484 1088 1545 260

104 1581 147 1648 Et
160 1608 244 1649 marc
259 1587 459 1650 contrahitur:
482 1588 628 1670 siccaeque
645 1600 689 1649 est
703 1606 827 1668 carnpus
842 1605 948 1661 arenae,

104 1687 197 1764 Quod
213 1690 303 1751 modd
318 1703 423 1771 pontus
439 1703 511 1750 erat.
558 1689 704 1772 Quosque
720 1690 810 1751 altum
826 1702 943 1751 texerat
957 1709 1069 1774 aequor,

104 1790 260 1857 Exsistunt
269 1807 395 1869 monteS,
411 1807 441 1854 et
456 1813 572 1877 sparsas
587 1790 740 1874 Cycladas
756 1806 873 1874 augent.

102 1895 168 1962 Ima
181 1910 285 1980 petunt
298 1895 417 1979 pisces:
439 1917 496 1959 nec
512 1918 544 1960 se
561 1918 649 1981 super
664 1917 782 1980 aequora
796 1896 880 1959 curvi

102 2001 225 2065 Tollere
240 2016 397 2065 consuetas
413 2002 523 2065 audent
534 2002 688 2086 delphines
702 2002 732 2064 in
748 2024 843 2066 auras.
1020 2009 1082 2069 265

104 2105 241 2193 Corpora
254 2104 419 2194 phocarum
435 2130 552 2172 summo
566 2109 706 2193 resupina
720 2109 867 2193 profundo

102 2213 284 2282 Exanimem
292 2215 405 2301 jacent.
451 2214 553 2299 Ipsum
569 2236 687 2300 quoque
702 2214 805 2278 Nerea
820 2214 900 2279 sama
915 2229 968 2292 est,

102 2319 288 2406 Doridaque,
303 2336 333 2384 et
347 2337 440 2398 natas,
455 2322 561 2406 tepidis
575 2321 693 2386 latuisse
709 2321 762 2385 sub
778 2321 875 2385 antris.

101 2426 167 2491 Ter
181 2427 340 2511 Neptunus
355 2428 438 2509 equis
455 2449 525 2488 curn
539 2442 622 2492 torvo
636 2419 758 2492 brachia
771 2429 853 2490 vultu

103 2527 256 2592 Exserere
268 2547 356 2590 ausus
371 2540 455 2589 erat:
477 2540 522 2588 ter
536 2548 595 2589 non
609 2528 674 2588 tulit
688 2529 764 2589 aeris
779 2542 876 2591 estus·
1015 2534 1082 2594 270

145 2634 235 2698 Alma
248 2646 349 2695 tamen
362 2629 478 2706 Tellus,
493 2643 526 2692 ut
541 2642 604 2692 erat
617 2629 800 2694 circumdata
814 2646 913 2714 ponto,

101 2736 181 2809 luter
196 2754 287 2820 equas
300 2733 408 2818 pelagi,
424 2744 590 2796 contractos
604 2730 734 2815 undique
749 2730 853 2809 fontes,

103 2841 166 2918 Qui
180 2863 213 2915 se
228 2839 423 2904 condiderant
436 2838 466 2900 in
481 2859 583 2922 opace
598 2838 713 2902 viscera
728 2839 828 2904 matris
840 2863 851 2921 ;

103 2946 226 3013 Sustulit
239 2943 398 3010 omniseros
413 2945 489 3008 collo
504 2958 590 3009 tenus
605 2945 687 3009 arida
701 2947 820 3011 vultus:

102 3053 308 3139 Opposuitque
323 3074 445 3117 manum
456 3050 563 3115 fronti:
584 3073 752 3138 magnoque
767 3068 895 3118 tremore
1015 3061 1080 3120 275

100 3159 213 3225 Omnia
226 3160 398 3223 concutiens
411 3160 533 3245 paulum
548 3160 679 3224 subsedit
690 3183 700 3241 3
723 3175 753 3224 et
766 3160 852 3238 iulrd,

34 3291 36 3295 ’
100 3263 204 3341 Quem
219 3264 293 3328 solet
307 3286 385 3342 esse,
400 3264 473 3329 suit:
495 3265 635 3349 siccique
648 3266 690 3328 ita
703 3286 778 3328 voce
792 3267 891 3330 locuta
905 3282 968 3332 est:

31 3416 35 3421 -
101 3370 156 3435 ‘st
171 3370 269 3455 placet
282 3371 352 3447 hoc,
365 3371 528 3455 meruique,
544 3371 614 3454 quid
628 3392 648 3433 o
662 3384 713 3433 tua
726 3367 848 3435 suhnina
862 3386 989 3451 cessant,

100 3475 227 3542 Summe
243 3472 358 3539 deum?
381 3473 489 3539 Liceat
507 3475 640 3559 peritura
655 3475 763 3540 viribus
777 3475 859 3560 ignis,

99 3578 172 3664 lgue
186 3577 282 3662 perire
296 3590 369 3656 tuo,
390 3577 568 3660 clademque
583 3590 704 3642 auctore
718 3578 828 3642 levare.
1011 3585 1078 3646 280

100 3681 161 3749 Vix
176 3682 315 3780 equidem
329 3680 433 3763 lauces
444 3681 510 3749 hac
523 3683 587 3768 ipsa
600 3682 631 3747 in
644 3684 737 3750 verba
750 3685 887 3762 resolvo‚'
