2264 4042
82 252 125 315 42
372 229 752 303 uuuauoaauosaou

80 402 174 491 loque
190 402 272 469 adim
283 401 405 468 obsisto.
450 399 537 467 Furit
549 401 766 467 audacissimus
779 401 861 467 omni

82 507 133 575 De
147 529 272 573 numero
285 506 428 593 Lycabas
440 528 449 569 z
470 505 522 592 qui
536 504 664 571 Thuseia
676 507 777 592 pulsus
792 507 831 571 ab
847 507 922 571 mbe

82 610 241 690 Exsilium,
256 612 321 676 diri
333 633 455 698 poeuam
469 633 524 697 pso
537 612 633 690 eade,
647 611 760 677 luebat.

81 712 112 780 ls
126 715 208 793 mihi,
223 716 296 780 dum
306 729 396 794 resto,
404 715 528 802 juvenili
541 726 660 801 guttura
672 737 773 801 pugno
999 720 1067 779 210

82 820 178 908 Rupit
190 843 198 883 τ
220 835 251 887 et
264 842 427 887 excussum
440 820 568 887 misisset
580 820 611 884 iu
626 842 754 906 equora,
769 821 794 885 si
808 843 869 887 uon

83 921 257 1001 finissem,
273 923 408 1010 quamvis
422 944 536 1001 amede,
551 923 581 987 io
595 921 667 987 lune
681 937 825 989 retentus.

124 1028 221 1116 Impia
234 1032 321 1095 nubo
333 1030 459 1115 probunt
473 1028 596 1093 facum.
641 1028 725 1094 Tum
739 1030 869 1116 denique
885 1029 1043 1108 Bacchus,

85 1133 243 1221 (Bacchus
257 1136 337 1200 enim
351 1134 460 1227 suerat)
476 1135 566 1200 veluti
579 1135 711 1200 elamore
726 1136 839 1201 solutus

84 1240 131 1306 Sit
145 1263 243 1328 sopor,
258 1263 335 1327 aque
350 1262 434 1305 mero
447 1241 573 1305 redeant
586 1241 750 1326 iupeotora
763 1263 877 1319 sensus,
1001 1247 1069 1307 215

85 1345 201 1423 “Quid
215 1345 334 1412 facitis?
357 1347 422 1432 quis
437 1345 573 1411 clamor?
585 1346 604 1377 ”
626 1346 686 1427 ait;
709 1354 729 1385 “
741 1347 810 1431 quia,
825 1347 925 1424 dicite,
936 1363 1046 1424 nauta,

83 1450 156 1518 Hue
174 1474 233 1538 ope
246 1450 393 1539 perveni?
417 1451 477 1536 qud
491 1473 542 1515 me
557 1450 676 1517 deserte
690 1453 799 1537 paratis
811 1451 823 1517 ἓ
835 1453 852 1483 ”

88 1565 109 1598 “
119 1559 206 1626 Pone
220 1559 365 1639 metum,”
379 1557 521 1636 Proreus,
536 1564 556 1596 “
568 1574 598 1622 et
611 1579 687 1644 quos
697 1559 868 1644 contingere
882 1571 983 1643 portus

84 1665 154 1729 Ede
168 1667 249 1741 velis,
262 1666 281 1697 '’
296 1666 381 1741 dixit,
398 1671 418 1703 “
429 1664 508 1727 terris
522 1663 625 1728 sistere
639 1664 763 1747 petitis?

85 1777 104 1807 “
117 1769 238 1845 Naxon,
250 1770 268 1800 ’'
284 1769 323 1832 ait
337 1767 440 1844 Liber,
456 1776 476 1806 “
485 1790 589 1832 cursus
604 1768 746 1832 advertite
761 1784 884 1833 vestros.
1001 1772 1069 1832 220

76 1875 139 1937 'llla
152 1875 223 1936 mihi
234 1873 342 1936 domus
357 1886 420 1937 est:
442 1872 525 1936 vobis
540 1873 595 1936 erit
609 1873 725 1957 hospita
738 1873 858 1937 tellus.'’

83 1977 145 2042 Per
159 2000 241 2041 mare
257 1975 387 2054 fallaces,
402 1996 517 2062 perque
531 1975 632 2039 omnia
645 1976 766 2041 numina
775 1976 877 2063 jurant

83 2085 136 2148 Sic
151 2082 235 2147 sore:
257 2104 366 2169 meque
376 2082 483 2168 jubent
496 2081 582 2167 pietae
598 2083 671 2146 dare
685 2083 754 2147 vela
767 2083 888 2147 cuine.

83 2189 220 2254 Dextera
234 2187 340 2253 Naxos
355 2201 429 2252 erat.
474 2185 595 2252 Dextri
607 2187 680 2252 mihi
694 2187 784 2252 lintea
797 2184 889 2264 dand,
997 2191 1065 2251 224

83 2301 103 2334 “
115 2294 199 2372 Quid
214 2294 297 2374 sacis,
311 2318 331 2360 ο
345 2293 491 2361 demens?
515 2295 623 2379 quista
638 2292 749 2373 furor,”
763 2292 866 2378 inquit,
882 2298 901 2332 “
910 2294 1033 2369 Aceste,
1045 2294 1064 2323 ’³

84 2401 147 2467 Pro
161 2424 193 2466 se
208 2404 343 2486 quisque,
360 2408 379 2438 “
390 2400 497 2465 tenet?
520 2402 624 2466 luvam
639 2399 742 2486 pete.”
787 2396 923 2464 Maxima
937 2412 1011 2462 nutu

83 2507 161 2573 Pars
175 2507 245 2570 mihi
257 2505 421 2590 significan
441 2525 520 2588 pars,
537 2506 608 2588 quid
622 2506 702 2582 velit,
717 2527 790 2570 aure
805 2518 945 2571 susurrat.

85 2608 251 2692 Obstupui:
274 2613 293 2644 “
306 2604 473 2690 Capiatque
489 2605 562 2668 alius
576 2605 790 2682 moderamina,
802 2605 820 2636 ”
836 2605 919 2669 dixi:

83 2712 197 2799 Meque
212 2709 372 2788 ministerio
385 2709 563 2792 scelerisque
580 2708 706 2792 artisque
721 2709 845 2772 removi.

84 2820 226 2904 Increpor
241 2839 259 2880 a
272 2815 397 2892 cunetis,
412 2829 564 2899 totumque
579 2814 783 2878 immurmurat
798 2835 916 2899 agmen.
997 2821 1064 2880 230

85 2924 116 2990 Ε
131 2922 235 3009 qubus
250 2919 411 2998 AEthalion‚
427 2919 508 2983 “Te
523 2918 636 2984 scilieet
649 2920 745 2984 omnis
759 2920 788 2983 in
803 2942 863 2984 uno

84 3029 194 3095 Nostra
207 3028 285 3092 salus
298 3027 395 3113 posita
408 3039 454 3091 est
464 3025 478 3090 ἓ
487 3025 508 3087 ”.
528 3025 578 3089 ait.
623 3024 667 3090 Et
680 3026 757 3091 subit
770 3027 833 3111 ipse
847 3048 856 3088 z
877 3046 1039 3111 meumque

84 3135 198 3221 Explet
211 3156 287 3220 opus
299 3155 307 3195 ε
330 3131 480 3218 Naxoque
495 3131 567 3217 petit
581 3131 697 3196 diversa
710 3131 823 3196 relicti.

80 3247 82 3250 ’
126 3240 212 3305 Tum
226 3240 303 3303 deus
315 3237 450 3315 illudens,
465 3251 605 3323 tauquam
619 3236 711 3301 modu
724 3236 854 3319 denique
869 3234 1006 3301 fraudem

85 3344 227 3422 Seusefit,
243 3365 261 3408 e
274 3343 367 3429 puppi
381 3355 505 3428 pontum
518 3355 688 3428 pmspectat
702 3339 829 3405 adunca.
995 3347 1061 3406 235

83 3450 128 3518 Et
140 3449 222 3516 flenti
231 3448 342 3526 sirtille,
358 3453 377 3487 ‘⁴
389 3447 461 3513 Nou
475 3447 540 3512 hee
553 3447 626 3511 mihi
639 3447 743 3522 luera,
757 3459 864 3524 nauta,

84 3554 272 3631 promisistis,
283 3552 303 3586 ''
318 3552 378 3617 ait:
401 3559 421 3591 ‘⁴
432 3573 492 3616 nou
506 3551 653 3616 heumihi
668 3564 747 3617 terra
756 3564 860 3636 rogata
873 3568 928 3618 est.

82 3657 156 3738 Quo
168 3656 265 3726 merui
278 3674 400 3745 poeuum
414 3651 519 3722 laeto?
541 3674 606 3740 qua
621 3653 714 3741 gloria
726 3668 825 3722 vestra
838 3672 883 3722 est
895 3677 905 3735 ;
