2264 4042
443 275 557 333 LIBER
575 276 638 333 XII.

73 426 219 512 Frangit,
241 446 271 494 et
284 431 417 495 incursus
431 453 493 514 quae
510 432 697 515 praedelassat
712 454 864 516 aquarum.

72 533 167 597 Insilit
180 535 258 596 huc:
279 535 442 618 mirumque
458 535 510 597 suit
525 537 652 616 potuisse
666 561 675 614 3
696 538 833 598 volabat:

72 636 310 721 Percutiensque
325 637 421 700 levem
437 637 528 700 modb
543 637 617 700 natis
632 641 702 701 aera
715 639 828 721 pennis,

74 740 245 824 stringebat
258 764 388 804 summas
403 743 462 803 ales
477 742 648 804 miserabilis
666 743 770 804 undas.
984 748 1047 807 ato

74 844 218 928 Dumque
233 846 331 923 volat3
353 860 459 908 moesto
474 845 609 921 similem,
624 846 802 929 plenumque
814 848 939 930 querelae

73 949 138 1012 Ora
153 950 265 1011 dedere
282 971 396 1025 sonum,
412 950 489 1011 tenui
507 949 676 1033 crepitantia
690 964 793 1013 rostro.

74 1051 135 1139 [Ut
148 1053 220 1115 verb
233 1054 327 1136 tetigit
341 1066 455 1115 mutum
469 1068 499 1116 et
514 1054 575 1116 sine
594 1055 733 1137 sanguine
748 1077 875 1140 corpus3

72 1155 209 1220 Dilectos
223 1172 300 1220 arms
316 1158 453 1240 amplexa
467 1159 634 1221 recentibus
650 1160 711 1235 alis,

73 1259 196 1344 Frigida
210 1263 405 1345 nequicquam
420 1262 494 1333 duro
505 1263 586 1325 dedit
599 1266 700 1326 oscula
714 1261 835 1347 rostro]
982 1266 1045 1327 375

75 1364 207 1428 Senserit
220 1367 277 1427 hoc
292 1365 391 1449 Ceyx,
407 1389 444 1428 an
458 1367 570 1430 vultum
585 1368 711 1430 motibus
725 1368 809 1431 undae

72 1467 195 1531 Tollere
209 1470 247 1531 sit
258 1471 347 1546 visus,
362 1472 485 1553 populus
496 1472 665 1534 dubitabat:
689 1486 718 1533 at
731 1472 778 1533 ille

72 1571 222 1636 Senserat.
256 1575 309 1636 -Et
322 1575 452 1650 tandem,
468 1575 581 1655 superis
595 1574 808 1648 miserantibus,
827 1576 913 1637 ambo

73 1677 152 1740 Alite
166 1692 324 1740 mutantur.
370 1675 453 1738 Fatis
468 1677 613 1738 obnoxius
626 1675 722 1739 isdem

73 1779 163 1843 Tunc
174 1803 292 1864 quoque
308 1781 413 1842 mansit
428 1802 519 1857 amor,
535 1802 590 1843 nec
606 1781 768 1866 conjugiale
784 1783 910 1847 solutum
982 1788 1045 1848 380

74 1883 190 1948 Foedus
204 1887 233 1948 in
248 1887 370 1948 alitibus.
417 1884 545 1961 Coeunt,
561 1886 690 1969 fiuntque
708 1902 866 1969 parentes:

66 1987 195 2073 -Perque
211 1990 428 2072 diesplacidos,
443 1990 564 2053 hiberno
578 2006 722 2073 tempore,
737 2007 854 2074 septem

73 2093 199 2156 Incubet
213 2093 367 2177 Halcyone
382 2095 574 2177 pendentibus
588 2115 704 2176 aequore
725 2095 809 2156 nidis.

72 2198 156 2261 Tum
166 2199 213 2262 via
227 2213 288 2260 tuta
302 2199 410 2261 maris:
432 2212 535 2259 ventos
550 2197 685 2272 custodit,
707 2210 737 2258 et
751 2211 832 2261 arcet

73 2302 180 2365 AEolus
195 2325 333 2386 egressu:
354 2315 528 2385 praestatque
542 2301 696 2382 nepotibus
712 2321 820 2382 aequor.
983 2307 1043 2367 385

449 2759 586 2824 LIBER
608 2758 679 2822 ΧΠ.

446 3009 537 3051 FAMAE
559 3009 678 3050 DOMUS.

503 3197 533 3237 v.
558 3179 610 3238 39.

74 3328 155 3391 Orbe
172 3312 253 3389 locus
268 3325 367 3388 medio
382 3339 427 3387 est
441 3322 514 3386 inter
529 3337 690 3405 terrasque,
705 3320 880 3406 fretumque,

74 3433 279 3514 Coelestesque
294 3431 403 3515 plagae,
418 3428 536 3512 triplicis
551 3427 675 3490 confinia
690 3427 810 3505 mundi3

72 3535 171 3611 Unde,
188 3537 266 3619 quod
281 3550 326 3597 est
338 3555 472 3616 usquam,
488 3533 619 3617 quamvis
639 3531 804 3615 regionibus
820 3533 901 3609 absit,

74 3639 244 3725 Inspiciam
260 3651 456 3724 penetratque
471 3660 560 3705 cevas
575 3661 636 3705 vox
650 3640 748 3706 omnis
762 3638 806 3703 ad
818 3658 920 3702 aures.

319 3742 384 3805 10*
