2264 4042
127 265 186 329 170
279 265 283 269 ·
470 257 562 326 unx,
581 221 728 313 seuera

119 415 190 480 Non
203 414 342 498 equidem
350 414 472 478 *invideo
485 437 492 477 a
507 416 649 498 numquid
662 429 761 478 tamen
778 414 837 476 ulla
847 412 957 490 seritur,

163 516 241 592 Quae
256 520 359 582 sterilis
373 519 435 583 sold
449 520 657 604 conspicienda
671 519 759 582 cornia
773 519 842 582 est?
1045 526 1079 585 at

118 623 239 688 Cernite
255 625 383 688 sinceros
398 646 501 688 omnes
515 646 555 687 ex
568 625 670 688 ordine
685 639 812 702 truncos,

160 729 222 804 Qui
236 730 326 793 modd
340 731 389 806 nil,
406 751 495 813 quare
510 731 717 814 percutiantur,
732 731 849 795 habent.

116 834 157 896 At
170 835 241 896 mihi
256 856 332 898 saeva
346 849 454 898 nocent
467 835 602 898 mutilatis
616 835 736 898 vulnera
750 836 860 914 ramis;

158 939 308 1024 Nudaque
324 940 440 1026 dejecta
453 941 563 1004 cortice
579 941 656 1024 ligna
673 954 783 1024 patent.

116 1043 186 1108 Non
201 1045 301 1108 odium
317 1044 466 1121 fecithoc,
482 1046 871 1131 sedspesiudultarapina.
1040 1050 1080 1114 35

159 1149 327 1213 Sustineant
341 1149 401 1211 aliae
416 1170 504 1232 poma
516 1171 526 1229 ;
541 1164 697 1232 querentur
710 1151 801 1214 idern.

115 1253 167 1318 Sic
182 1277 249 1318 reus
263 1255 311 1317 ille
326 1253 388 1318 sere
404 1268 457 1331 est,
473 1256 512 1318 de
527 1276 585 1338 quo
599 1255 720 1318 victoria
734 1256 815 1320 lucro

157 1357 234 1422 Esse
249 1372 366 1443 potest:
379 1360 472 1443 inopis
486 1360 602 1423 vindice
615 1358 693 1424 sacta
712 1376 821 1424 carent.

18 1487 21 1492 ·
113 1464 165 1528 Sic
179 1465 262 1528 timet
275 1464 401 1540 insidias,
417 1465 465 1547 qui
480 1465 535 1528 scit
548 1486 580 1528 se
596 1462 672 1528 serre
686 1466 787 1542 viator,

157 1569 217 1661 Cui
231 1571 351 1634 timeat:
372 1584 466 1633 tutum
480 1571 573 1655 carpit
585 1571 678 1634 inanis
692 1571 756 1634 iter.
1036 1577 1073 1641 40

114 1673 165 1738 Sic
180 1696 236 1757 ego
251 1675 313 1738 sola
326 1689 410 1757 petor
418 1697 428 1754 ;
447 1675 500 1738 soli
515 1677 582 1758 quia
596 1692 686 1739 causa
699 1677 817 1760 petendi
832 1691 885 1741 est.

156 1777 322 1840 Frondibus
336 1778 449 1839 intactis
463 1792 569 1839 caetera
582 1781 666 1844 turba
676 1781 779 1843 virent.

111 1879 144 1944 N
145 1901 193 1943 am
205 1879 284 1962 quod
298 1881 407 1941 habent
420 1877 539 1941 frutices
553 1879 600 1940 alii
614 1900 731 1964 quoque
746 1884 880 1964 proxima
893 1887 979 1951 nobis

155 1983 322 2066 Fragmina,
340 2004 404 2066 quae
418 1982 486 2044 laeso
500 1981 607 2044 vimine
621 1984 711 2047 multa
728 1985 851 2069 jacent3
960 1990 962 1995 ’

110 2089 181 2154 Non
195 2089 255 2152 istis
269 2111 322 2151 sua
335 2086 413 2152 sacta
426 2101 551 2150 nocent:
565 2087 670 2151 vicinia
685 2090 792 2154 damno
807 2107 860 2156 est.
1033 2104 1071 2162 45

155 2192 316 2277 Excipiunt
329 2193 388 2257 ictu
404 2212 476 2255 saxa
490 2193 606 2275 repulsa
619 2215 698 2257 meo.

110 2299 204 2384 quue
215 2299 275 2362 fide
290 2311 408 2378 careat3
423 2298 446 2362 si
461 2319 528 2374 non,
545 2319 608 2381 quae
622 2299 734 2382 longius
749 2301 861 2378 absunt,

154 2404 294 2467 Nativum
307 2404 431 2466 retinent
444 2403 578 2465 inviolata
593 2405 695 2468 decus.
717 2462 719 2467 ,
756 2425 757 2428 ’

109 2509 202 2592 Ergo,
217 2509 241 2570 si
255 2508 375 2590 sapiant,
391 2520 421 2568 et
434 2518 563 2568 mentem
577 2510 668 2571 verba
682 2525 859 2593 sequantur3

152 2614 327 2676 Devoveant
341 2611 459 2672 umbras
472 2611 606 2693 proxima
620 2633 742 2696 quaeque
762 2637 856 2681 meas.
1029 2629 1068 2686 50

108 2718 210 2793 Quam
224 2716 362 2777 miserum
377 2726 431 2790 est,
446 2715 545 2777 odium
560 2714 674 2779 damnis
689 2721 834 2785 accedere
848 2725 952 2790 nostris
964 2750 975 2806 3

151 2821 263 2903 Meque
277 2840 359 2882 ream
374 2819 468 2882 nimiae
483 2820 673 2902 proximitatis
683 2824 749 2907 agi!
771 2901 774 2909 Ι

107 2927 180 3003 Sed,
195 2937 275 3010 puto,
291 2936 397 3008 magna
411 2925 470 2986 mei
484 2938 528 2988 est
541 2947 666 3009 operoso
676 2951 747 2992 cura
761 2931 875 2996 colono.

149 3031 291 3104 Invenias,
308 3030 356 3113 qui
367 3030 418 3092 det
427 3029 466 3092 nil
480 3031 559 3106 mihi,
575 3046 679 3115 practer
692 3035 825 3098 humum.
891 3054 893 3058 ·
918 3012 920 3017 i

106 3137 217 3223 Sponte
232 3135 302 3199 med
315 3135 406 3199 facilis
420 3151 588 3221 contempto
601 3160 707 3203 nascor
715 3141 744 3203 in
760 3163 850 3225 agro:
1026 3152 1066 3211 55

146 3241 282 3324 Parsque
296 3241 363 3316 loci,
376 3239 435 3323 quia
448 3254 501 3316 sto,
517 3241 632 3324 publica
646 3244 722 3327 pene
736 3245 783 3306 via
798 3260 852 3309 est.
864 3288 868 3293 ·

105 3344 168 3420 Me‚
184 3359 245 3408 sata
260 3368 297 3408 ne
310 3344 416 3408 ledam
432 3343 584 3429 (quoniam
598 3360 659 3409 sata
672 3347 779 3411 laedere
794 3351 902 3437 dicor),

146 3447 226 3511 lmus
240 3449 270 3510 in
284 3463 417 3511 extremo
431 3450 560 3534 margine
575 3448 680 3514 fundus
690 3451 787 3516 habet.

94 3553 170 3620 Non
183 3552 255 3617 mihi
270 3551 331 3616 salx
345 3553 448 3617 nimias
464 3553 599 3618 Saturnia
612 3555 731 3640 deputat
745 3561 883 3624 umbrant

122 3661 279 3730 Duratam
294 3675 424 3728 renovat
436 3682 500 3728 non
510 3659 585 3725 mibi
596 3658 689 3725 fossor
699 3661 840 3724 numum.
1026 3666 1070 3731 no

56 3764 140 3834 Sole
152 3770 233 3843 dcet
244 3772 404 3865 siccique
419 3770 470 3842 siti
485 3769 624 3863 peritura
639 3768 806 3840 tenorem
