2264 4042
80 421 117 484 Si
130 440 257 506 puerum
268 419 405 508 juvenes,
419 441 444 485 n
457 420 542 485 multi
556 418 652 486 fallitis
659 441 751 485 unum
763 419 777 485 i
789 420 808 452 ”

78 520 267 587 Jamdudum
279 523 400 589 flebam.
443 523 611 608 Laorymus
624 545 730 589 manus
744 523 836 610 impia
848 534 963 589 nostras

79 622 195 694 Ridet:
211 641 242 694 et
254 629 377 714 impellit
389 630 615 716 properantibus
628 652 748 716 aequora
760 629 860 694 remis.

79 729 145 795 Per
156 731 210 795 tibi
222 753 302 796 nunc
316 733 412 818 ipsum
428 731 501 818 (nec
515 733 595 797 euim
605 735 775 818 presentior
788 733 838 797 illo

78 834 140 901 Est
152 836 242 925 deus)
259 839 372 926 adjuro,
386 853 448 904 tam
463 861 512 902 me
527 840 578 903 tibi
591 860 663 903 vera
676 837 798 916 referre,

78 940 185 1015 Quium
199 945 260 1007 veri
274 944 387 1030 majora
401 946 472 1009 fide.
518 944 605 1009 Stetit
619 966 737 1030 aequore
751 945 857 1030 puppis

80 1046 177 1111 Haud
191 1049 283 1126 aliter,
299 1051 387 1135 quim
403 1051 426 1115 si
438 1052 549 1116 siccum
564 1051 668 1117 navale
679 1065 803 1116 teneret.
992 1053 1055 1112 245

79 1152 125 1216 llli
138 1153 314 1219 admirantes
328 1178 477 1220 remorum
493 1158 522 1220 in
536 1158 660 1221 verbere
674 1171 806 1242 perstant
818 1180 826 1218 :

78 1254 217 1342 Velaque
233 1260 385 1325 deducunt
393 1285 403 1343 ;
425 1261 603 1347 geminique
618 1284 676 1346 ope
691 1284 811 1326 currere
826 1275 946 1326 tentant.

79 1362 249 1447 Impediunt
262 1365 380 1430 hedera
395 1389 504 1446 remos,
519 1389 659 1453 nexuque
674 1389 798 1432 recurvo

81 1468 232 1553 Serpunt3
254 1485 285 1534 et
299 1473 425 1555 gravidis
440 1473 612 1556 distringunt
624 1473 692 1535 vela
702 1473 861 1555 corymbis.

78 1572 161 1658 Ipse,
175 1575 356 1640 racemiferis
371 1575 497 1639 frontem
511 1576 712 1640 circumdatus
725 1576 798 1651 uria,
994 1581 1057 1638 250

79 1676 254 1764 Pampineis
265 1681 355 1764 agitat
368 1660 494 1744 velatam
510 1681 660 1745 frondibus
674 1682 799 1745 hastam.

80 1785 186 1860 Quem
201 1788 282 1850 circa
296 1787 394 1870 tigres,
410 1789 625 1873 simulacraque
640 1788 737 1852 inania
751 1789 882 1872 lyncum,

78 1895 291 1979 Pictorumque
300 1894 403 1980 jacent
418 1893 480 1957 sera
494 1917 620 1979 corpora
633 1896 853 1980 pantherarum.

125 1996 284 2061 Exsilubre
299 1997 351 2060 viri
367 2020 377 2078 3
399 1998 460 2061 sive
472 1998 532 2062 hoc
546 1998 659 2062 insania
673 1997 753 2075 fecit,

80 2105 154 2170 Sive
169 2098 469 2385 dmoqstusque
484 2103 599 2168 Medon
613 2104 782 2188 nigrescere
797 2105 892 2189 pinnis
993 2111 1055 2166 25³3

77 2210 218 2294 Corpore
233 2209 253 2272 d
376 2223 428 2285 ‚et
442 2208 530 2292 spinae
545 2208 717 2272 curvamina
731 2206 809 2271 flecti

77 2315 197 2400 Incipit.
328 2372 337 2389 .,
365 2313 488 2397 ycabaa
499 2319 524 2350 ·“
534 2312 570 2375 In
586 2333 650 2395 quae
665 2311 838 2388 miracula,”
853 2312 935 2390 dixit,

80 2430 102 2463 ‘⁴
112 2420 269 2487 Verteris?
279 2422 298 2453 '’
321 2435 351 2483 et
364 2420 416 2482 lati
430 2419 531 2495 rictus',
546 2431 577 2480 et
589 2418 689 2502 panda
703 2417 832 2501 loquenti

80 2530 174 2594 Naris
188 2543 260 2607 erat,
277 2546 490 2612 squamamque
505 2525 579 2588 cutis
595 2526 698 2590 durata
711 2525 855 2590 trahebat.

79 2637 125 2700 At
138 2633 242 2718 Libya,
257 2633 404 2696 obstantes
419 2629 492 2692 dum
506 2629 567 2691 vult
580 2629 735 2692 obvertere
749 2650 858 2706 remos,
874 2632 876 2637 ’
994 2635 1058 2694 200

78 2737 117 2802 ln
131 2736 256 2820 spatium
271 2733 381 2797 resilire
396 2754 501 2796 manns
513 2732 605 2794 breve
618 2731 692 2795 vidit
700 2753 710 2811 3
733 2745 763 2795 et
776 2731 839 2795 illas

77 2838 152 2904 Jam
165 2861 224 2902 non
238 2858 305 2902 esse
319 2857 445 2915 manus3
461 2834 526 2920 jam
539 2834 644 2918 pinnas
657 2854 745 2917 posse
760 2836 869 2898 vocari.

79 2942 168 3007 Alter
183 2941 220 3004 ad
235 2940 356 3003 intortos
370 2936 492 3021 cupiens
507 2935 578 2998 dare
592 2934 714 2998 brachia
727 2933 823 3012 funes,

79 3045 215 3111 Brachia
228 3067 288 3108 non
301 3043 425 3121 habuit;
446 3046 608 3124 urmco‘que
623 3038 773 3123 repandus
787 3039 816 3101 in
831 3042 925 3108 undas

79 3148 221 3234 Corpore
236 3146 363 3210 desiluit.
408 3141 534 3207 Falcata
547 3140 705 3205 novissima
719 3140 817 3206 cauda
830 3157 896 3208 est:
993 3151 1056 3218 265

78 3252 193 3328 Qualia
207 3249 331 3314 dividua
346 3248 496 3312 sinuantur
510 3266 621 3309 oomua
635 3243 721 3309 luna.

78 3353 224 3440 Undique
239 3353 311 3419 dant
324 3351 432 3416 saltus:
453 3347 605 3433 multique
621 3347 795 3434 adspergine
809 3364 929 3416 rorant:

79 3455 310 3542 Emerguntque
323 3455 431 3519 iterum
443 3475 453 3534 3
474 3452 658 3539 redeuntque
673 3453 728 3517 sub
743 3472 861 3540 equora
874 3476 993 3524 rursus:

78 3559 176 3646 Inque
190 3559 273 3624 chori
286 3557 391 3622 ludunt
404 3557 555 3642 speciemz
576 3556 742 3644 lascivaque
751 3556 866 3644 jactant

80 3660 220 3747 Corpora
231 3685 242 3744 3
263 3674 294 3727 et
308 3673 464 3747 acceptum
477 3659 583 3748 patulis
593 3681 677 3727 mare
690 3660 810 3727 naribus
823 3659 940 3730 efflant
993 3664 1059 3728 270

901 3904 923 3945 ἣ
