2264 4042
370 328 373 335 Α
432 230 560 327 nram
579 266 655 326 xnr.
982 260 1041 331 rat

68 427 212 507 meavit,
226 439 331 492 conata
345 425 432 510 loqui.
477 426 580 490 Locus
594 439 699 502 exstat,
715 437 745 488 et
761 443 801 487 ex
814 443 848 486 re
1054 436 1068 467 *

68 536 191 602 Nomen
205 535 312 598 habet:
333 537 524 615 veterumque
540 532 590 594 diu
600 552 715 594 memor
728 531 778 593 illa
791 528 944 605 malcrum,

67 639 153 703 Tum
169 660 285 724 quoque
302 638 447 701 Sithonios
461 637 580 699 ululavit
593 649 698 699 moesta
713 657 766 718 per
781 655 876 719 agros.

64 742 147 807 Illius
161 743 318 828 'I'roasque
330 764 409 839 sqos,
423 743 581 824 hostesque
595 741 749 822 Pelasgos,
978 739 1039 800 565

66 835 150 912 Illius
164 847 279 912 fortuna
293 832 370 912 deos
380 869 498 931 quoque
516 858 650 908 moverat
663 865 786 907 omnes:

32 1010 34 1015 .
69 952 124 1017 Sic
138 975 251 1030 omnes,
267 966 299 1015 ut
314 967 344 1015 et
357 953 421 1037 ipsa
434 950 515 1013 Jovis
530 949 696 1034 conjuxque
715 969 855 1034 sororque

66 1055 203 1124 Eventus
219 1057 379 1137 Hecubam
393 1056 534 1119 meruisse
548 1055 698 1138 negaverit
710 1053 783 1118 illos.

233 1332 397 1378 uruncms
421 1331 559 1377 crunnns
582 1334 617 1377 ru
640 1333 719 1376 rvns
741 1296 874 1376 marr.

485 1504 517 1544 v.
541 1486 615 1545 576.

107 1607 180 1673 Non
193 1621 280 1671 vacat
293 1608 426 1682 Aurora,
439 1627 605 1689 quanquam
619 1603 716 1667 isdem
730 1602 842 1668 faverat
856 1607 954 1685 armis,

63 1713 222 1788 Cladibus,
238 1725 268 1774 et
282 1733 352 1774 casu
367 1709 525 1795 Trojaeque
545 1708 739 1794 Hecubaeque
754 1711 875 1774 moveri.
977 1717 1040 1776 570

10 1880 13 1885 .
57 1817 149 1882 Cura
163 1818 249 1878 deam
264 1816 392 1899 propior,
402 1815 555 1898 luctusque
571 1814 748 1879 domesticus
763 1818 841 1900 angit

31 1996 34 2001 ¹
60 1920 235 1985 Memnonis
250 1921 357 1995 amissi,
373 1919 508 2004 Phrygiis
523 1940 611 2004 quem
626 1921 705 1983 lutea
719 1922 831 2005 campis

61 2023 149 2089 Vidit
164 2024 299 2090 Achillea
311 2038 483 2108 percuntem
497 2026 619 2108 cuspide
634 2039 738 2089 mater.

60 2129 162 2209 Vidit3
185 2145 215 2192 et
228 2131 275 2191 ille
291 2131 380 2206 color,
396 2151 455 2213 quo
470 2129 610 2191 matutina
624 2132 783 2192 rubescunt

61 2233 228 2316 Tempora,
243 2234 405 2316 palluerat:
428 2233 568 2315 latuitque
583 2233 613 2293 in
628 2234 751 2296 nubibus
766 2235 864 2297 aether.
975 2242 1035 2301 575

41 2392 45 2397 .
104 2336 147 2399 At
160 2359 218 2400 non
234 2337 383 2419 impositos
398 2337 544 2417 supremis
558 2336 672 2417 ignibus
684 2350 762 2399 artus

61 2440 205 2504 Sustinuit
219 2455 353 2525 spectare
364 2461 490 2522 parens:
513 2440 566 2501 sed
581 2440 661 2517 crine
677 2442 781 2520 soluto,
879 2486 892 2505 ·.

61 2545 148 2608 Sicut
162 2557 234 2620 eret,
249 2545 348 2627 magni
362 2544 483 2627 genibus
498 2545 693 2627 procumbere
707 2569 765 2610 non
782 2564 826 2613 est
869 2603 870 2607 ,

61 2648 231 2731 Dedignata
244 2648 335 2724 Jovis,
350 2649 543 2732 lacrymisque
559 2651 612 2713 bas
627 2651 738 2715 addere
752 2675 863 2719 voces:

59 2753 226 2816 ‘Omnibus
236 2751 363 2830 inferior,
379 2736 451 2836 quas
465 2755 585 2817 sustinet
599 2778 704 2820 aureus
719 2760 818 2837 aether,
972 2770 1034 2831 560

65 2855 159 2942 (Nam
174 2857 244 2918 mihi
260 2854 325 2919 sunt
339 2872 431 2919 totum
444 2859 590 2921 rarissima
604 2864 713 2945 templa
726 2885 780 2946 per
794 2866 911 2952 orbem)

62 2959 141 3024 Diva
154 2975 254 3023 tamen
267 2961 374 3036 venio:
395 2983 454 3024 non
469 2976 501 3023 ut
516 2963 647 3039 delubra,
664 2967 785 3049 diesque

10 3112 24 3153 s
63 3064 130 3128 Des
140 3065 212 3127 mihi
228 3066 384 3140 sacrificos,
399 3065 592 3148 caliturasque
607 3067 719 3148 ignibus
734 3091 809 3132 aras.
927 3144 931 3155 Ι

10 3164 12 3171 ’
64 3168 94 3231 Si
109 3185 211 3232 tamen
226 3170 380 3252 adspicias,
397 3170 535 3261 quanthm
550 3170 600 3231 tibi
616 3168 735 3235 soemina
749 3189 892 3258 prastem,

61 3270 141 3336 Tum
155 3273 224 3336 cirm
236 3274 302 3335 luce
317 3273 394 3336 novis
406 3275 499 3336 noctis
518 3275 643 3339 confinia
658 3299 752 3355 servo,
864 3289 897 3323 ··
965 3266 1028 3358 535

59 3372 187 3439 Praemia
201 3378 300 3439 danda
322 3392 416 3460 putes.
462 3379 526 3441 Sed
550 3402 608 3442 non
633 3402 670 3443 ea
689 3403 780 3464 cura3
801 3409 897 3474 neque
920 3395 968 3462 hic
983 3415 1027 3465 est

56 3475 146 3544 Nunc
161 3495 251 3544 status
265 3482 397 3557 Aurorae,
413 3483 530 3547 meritos
545 3499 577 3547 ut
590 3499 692 3568 poseat
704 3488 840 3555 honores.

54 3575 223 3647 Memnonis
237 3586 309 3648 orba
319 3587 378 3648 mei
393 3588 498 3650 venio:
522 3590 569 3672 qui
589 3589 674 3655 sortia
687 3590 795 3658 frustra
846 3585 852 3598 ’

46 3678 109 3747 Pro
115 3703 225 3768 penno
240 3690 397 3830 mlithrma
411 3714 486 3773 su03
506 3695 676 3784 primisque
694 3702 753 3766 sub
768 3703 858 3768 annu
