2264 4042
138 276 198 338 134
449 268 823 331 nnrfflonrnoslton

112 408 805 516 fecemafore(snvosv01usuqncnne.
1038 435 1086 498 m

78 570 82 577 ·
131 533 192 610 Da,
207 553 322 617 precor,
337 532 405 596 huic
428 532 565 617 aliquem,
581 536 683 598 solatia
696 536 806 612 mortis,
822 536 980 616 honorem,

129 638 253 703 Summe
269 637 358 702 deiim
373 652 480 716 rector,
496 654 687 724 maternaque
702 642 822 705 vulnera
835 642 916 705 leni’

171 743 285 828 Jupiter
300 759 461 824 annuerat3
483 745 553 809 ciun
571 745 737 810 Memnonis
753 747 861 814 arduus
881 748 943 814 alto

127 848 246 913 Corruit
260 849 327 933 igne
342 872 439 934 rogus,
454 851 586 934 nigrique
601 853 749 916 volumina
764 851 835 916 sumi

125 952 260 1017 Insecbre
276 954 376 1017 diem:
397 956 485 1017 veluti
501 956 569 1018 crim
586 955 705 1020 flumina
720 972 802 1022 natas

125 1057 275 1123 Exhalunt
288 1059 420 1134 nebulas,
435 1081 491 1121 nec
508 1061 550 1122 sol
570 1061 729 1124 admittitur
743 1063 827 1125 insrb.

124 1167 198 1228 Atra
212 1162 307 1227 favilla
321 1164 407 1238 volat,
424 1164 642 1248 glomerataque
658 1187 765 1248 corpus
781 1168 810 1228 in
824 1190 918 1232 unum

123 1270 294 1347 Densatur;
316 1268 482 1350 faciemque
501 1270 600 1352 capit:
622 1271 768 1353 sumitque
783 1273 915 1336 calorem

123 1375 222 1459 Atque
238 1375 364 1437 ammam
380 1395 419 1434 ex
434 1373 503 1456 igni.
549 1373 669 1436 Levitas
684 1397 736 1437 sua
750 1377 872 1458 praebuit
887 1377 957 1442 alas

124 1479 167 1544 Et
181 1478 276 1565 primb
291 1479 390 1540 similis
404 1479 526 1554 volucri,
541 1500 613 1541 mox
627 1499 697 1540 vera
716 1478 841 1543 volucris
1030 1482 1080 1543 600

121 1583 251 1648 Insonuit
265 1585 378 1666 pennis.
422 1582 538 1646 Pariter
552 1584 676 1647 sonuire
691 1605 806 1648 sorores

121 1688 295 1762 Innumerae,
318 1688 422 1770 quibus
437 1701 482 1750 est
497 1689 604 1750 eadem
619 1689 721 1750 naulis
735 1689 827 1772 origo.

121 1789 243 1873 Terque
258 1812 362 1871 rogum
376 1792 517 1853 lustrant:
540 1806 570 1852 et
583 1811 728 1853 consonus
738 1793 804 1855 exit
818 1793 848 1855 in
863 1815 950 1860 auras

121 1894 185 1956 Ter
199 1895 339 1978 clangor:
363 1908 464 1976 quarto
479 1895 624 1957 seducunt
637 1908 735 1958 castra
751 1896 859 1961 volatu.

122 2000 204 2062 Tum
219 2001 278 2063 duo
294 2001 409 2063 diversit
423 2000 522 2084 populi
537 2000 576 2062 de
591 2013 674 2083 purte
689 1998 805 2065 seroces
1030 2007 1078 2069 tot

120 2106 208 2170 Bella
222 2121 334 2190 gerunt,
350 2107 516 2190 rostrisque,
533 2120 563 2169 et
577 2105 699 2169 aduncis
713 2108 857 2190 unguibus
873 2111 932 2176 iras
1112 2108 1122 2121 ”

121 2211 283 2289 Exercent,
300 2212 418 2296 alasque
435 2213 615 2295 adversaque
631 2225 751 2295 pectora
765 2213 892 2278 lassant:

121 2317 292 2401 lnseriaeque
308 2320 417 2381 cadunt
431 2320 522 2382 cineri
541 2331 667 2402 cognata
681 2318 794 2400 sepulto
953 2313 956 2318 ’

121 2423 276 2507 Corpora:
299 2444 390 2505 seque
404 2424 466 2486 viro
481 2423 546 2485 sorti
561 2416 722 2486 meminere
738 2437 861 2487 creatas.

161 2528 343 2610 Praepetibus
358 2527 458 2589 subitis
472 2548 580 2588 nomen
594 2527 664 2589 facit
679 2543 778 2591 auctor
790 2551 800 2607 ς
822 2530 858 2592 ab
872 2531 921 2595 illo
1022 2513 1078 2595 ’610

119 2631 326 2696 Memnonides
341 2629 435 2704 dictae,
450 2629 520 2691 crim
535 2630 578 2691 sol
593 2630 730 2693 duodena
744 2635 856 2719 peregit

120 2738 221 2820 Signa,
235 2734 375 2820 parentali
389 2734 521 2816 periturae
537 2732 633 2797 Marte
648 2734 798 2798 rebellant.

119 2843 202 2927 Ergo
217 2841 277 2905 aliis
291 2838 411 2903 littrasse
427 2839 608 2922 Dymantida
628 2838 724 2902 flebile
739 2841 853 2905 visum:

117 2947 261 3012 Luctibus
276 2962 320 3011 est
334 2948 450 3009 Aurora
463 2945 521 3008 suis
536 2946 653 3021 intenta,
668 2947 789 3028 piasque

116 3054 207 3119 >Nunc
223 3075 338 3139 quoque
354 3053 404 3119 dat
417 3053 571 3137 lacrymas,
588 3065 690 3117 ettoto
704 3051 823 3116 roratio
838 3052 920 3119 orbe.
1022 3054 1073 3116 615
