2264 4042
139 243 200 307 trs
514 219 765 304 munuum.

136 397 178 462 At
191 396 291 473 mbos,
307 409 337 460 et
350 409 448 460 sentes
460 394 663 459 tantummodi>
677 394 785 457 ledere
804 403 890 467 nete,
1063 388 1097 448 95

180 500 331 587 Spinaque
346 501 476 565 vindictb
488 514 595 564 oaetera
609 514 670 564 tuta
685 499 739 564 suri
757 512 811 562 est.
865 536 869 541 -

137 606 202 685 Me,
218 607 286 692 quia
299 629 356 671 nec
370 629 476 684 nosen,
491 628 548 670 neo
561 607 685 670 obuncis
698 605 829 668 vindicor
843 602 950 678 hamis,

182 711 276 777 Missa
288 727 391 797 petunt
404 712 491 778 avidis
504 735 578 777 saxa
591 726 728 796 proterva
741 733 840 773 manu.

139 817 233 894 Quid,
248 817 345 881 sinon
360 834 442 902 aptas
457 819 550 882 solem
565 817 740 901 fugientibus
754 815 882 890 umbras,

183 920 318 987 Finditur
332 923 428 987 Icario
442 925 512 987 edm
526 938 704 998 cenetens,
720 919 846 985 darem?
1050 917 1103 976 100

139 1025 233 1103 Quid,
247 1027 301 1091 nisi
316 1029 472 1110 suffirgium
486 1029 601 1091 nimbos
615 1028 769 1092 vitantibus
783 1044 879 1089 essem
893 1046 904 1102 ;

183 1132 255 1196 Non
269 1132 525 1216 exspectatarum
539 1124 624 1195 venit'
631 1133 726 1195 imber
741 1128 842 1214 aqud?

139 1237 250 1302 Omnia
264 1238 334 1302 edm
349 1236 465 1315 seciam,
481 1238 550 1301 cium
564 1250 700 1322 praestem
714 1236 816 1300 sedula
831 1233 945 1298 cunetis

183 1341 335 1418 Officium,
349 1343 428 1406 saxis
442 1342 574 1406 officiosa
587 1355 681 1427 petor.
700 1394 717 1403 -

141 1443 219 1510 Haee
232 1447 304 1510 mihi
317 1468 475 1532 perpesse,
490 1447 600 1511 domini
614 1447 752 1533 patienda
767 1445 889 1529 querela
902 1457 959 1507 est.
1052 1443 1105 1503 105

185 1550 288 1616 Causa
302 1553 423 1630 habeor,
439 1575 530 1637 quare
545 1553 581 1616 sit
594 1553 743 1636 lapidosus
758 1573 839 1636 ager.

141 1657 283 1743 Dumque
299 1674 437 1741 repurgat
449 1660 583 1735 humum,
598 1659 781 1741 collectaque
796 1678 869 1721 saxa
882 1655 1013 1732 remittit,
1060 1647 1061 1651 ¹

187 1762 315 1846 Semper
328 1763 437 1825 habent
451 1763 480 1825 in
494 1784 544 1825 me
559 1764 617 1827 tela
632 1777 734 1847 parata
747 1764 811 1825 vire.

60 1878 81 1933 ‚5-
141 1865 226 1949 Ergo
240 1868 332 1931 invisa
346 1868 417 1941 aliis,
433 1867 482 1928 uni
497 1868 568 1929 mihi
582 1867 689 1950 frigora
704 1880 845 1950 prosunt:

184 1969 239 2033 lllo
252 1991 302 2035 me
316 1984 409 2035 tutam
423 1984 558 2054 tempore
573 1984 688 2055 prestat
708 1972 813 2035 hiems.
1054 1974 1109 2033 110

142 2073 234 2139 Nuda
249 2077 369 2158 quidem
382 2092 453 2138 tunc
468 2095 556 2155 sum3
577 2077 689 2138 nudam
704 2091 804 2139 tamen
819 2077 941 2160 expedit
956 2097 1024 2141 esse
1038 2098 1046 2136 r

186 2179 254 2243 Nec
270 2181 394 2264 spolium
409 2180 448 2243 de
463 2201 523 2256 me,
539 2182 618 2265 quod
632 2195 722 2265 petat,
737 2182 828 2244 hostis
842 2183 941 2245 habet.

142 2284 184 2348 At
198 2286 285 2348 simul
298 2286 445 2349 induimus
458 2286 563 2350 nostris
578 2309 632 2350 sua
645 2307 769 2350 munera
783 2288 894 2365 ramis;

188 2390 270 2454 Saxa
284 2413 375 2456 novos
390 2392 501 2456 fructus
516 2394 657 2476 grandine
673 2394 756 2477 plura
771 2405 882 2476 petunt.

143 2493 279 2559 Forsitan
294 2495 343 2558 hie
359 2496 461 2578 aliquis
475 2498 563 2571 dicat,
580 2496 675 2570 ‘Qus
690 2499 806 2581 publiea
822 2512 952 2581 tangunt,
1055 2501 1110 2560 115

188 2599 323 2683 Carpere
338 2621 512 2663 conoessum
527 2617 589 2663 est:
611 2603 669 2664 hoc
685 2603 730 2664 via
739 2603 814 2686 juris
827 2603 940 2668 habet’

146 2704 180 2767 Si
192 2704 262 2766 licet
275 2706 354 2782 hoo;
377 2705 458 2768 oleas
473 2705 650 2790 distringite:
672 2707 775 2769 eaedite
790 2729 914 2774 messes.

186 2809 335 2892 Improbe,
350 2809 478 2872 vicinum
492 2831 593 2895 carpe,
608 2812 709 2888 viator,
724 2813 799 2876 olus.
871 2814 873 2818 ’

80 2938 84 2942 ·
143 2915 234 2979 Intret
249 2929 279 2978 et
293 2917 419 2980 urbanas
434 2917 540 2980 eadem
555 2917 712 3001 petulantia
726 2932 845 3002 portas3

186 3021 292 3106 Sitque
306 3023 362 3086 tuis
376 3023 475 3099 muris,
492 3021 633 3099 Romule,
643 3021 716 3108 juris
729 3023 820 3085 idem.
1056 3029 1115 3087 120

144 3127 276 3202 Quilibet
290 3143 443 3210 argentum
454 3129 553 3219 primae
569 3128 607 3190 de
622 3128 716 3192 fronte
730 3131 856 3193 tabemae

187 3233 309 3295 Tollat:
332 3247 361 3295 et
376 3233 414 3295 ad
429 3253 562 3314 gemmas
576 3233 696 3316 quilibet
710 3236 782 3299 alter
797 3249 854 3298 eat.
957 3256 960 3261 ·

144 3336 269 3401 Auferat
282 3338 331 3401 hio
346 3357 459 3414 aurum,
474 3339 645 3421 peregrinos
659 3339 706 3401 ille
720 3338 832 3421 lapillos
848 3363 857 3419 3

188 3441 231 3505 Et
244 3463 433 3526 quascunque
445 3458 541 3527 potest
555 3457 684 3527 tangere,
700 3442 780 3505 tollat
793 3465 876 3528 opes.

143 3551 208 3616 Sed
222 3569 322 3635 neque
337 3548 492 3613 tolluntur:
514 3570 581 3625 neo,
597 3550 668 3611 dum
683 3548 757 3631 regit
771 3552 869 3615 omnia
884 3549 997 3628 Cesar,
1053 3557 1112 3615 125

171 3657 351 3739 Incolumis,
369 3670 452 3724 tanto
466 3653 608 3746 preside,
621 3664 721 3740 raptor
737 3654 804 3717 erit.
