2264 4042
94 278 154 339 ras
275 275 280 294 ‘
387 260 759 362 usrmonrnosuon

87 428 234 512 Corniger
248 433 416 515 exsequitur
430 433 555 500 Venetis
572 438 728 501 mandata:
750 438 879 522 suisque,

87 535 239 623 Quicquid
253 538 283 600 in
296 536 396 601 AEneb
409 537 503 604 luerat
515 543 648 621 mortale,
661 557 809 627 repurgat,

84 639 129 706 Et
141 641 283 727 respergit
297 645 388 727 aquis.
407 648 409 653 ’
433 644 509 709 Pars
520 647 629 730 optima
642 649 744 711 restitit
757 648 806 710 illi.

84 744 256 812 Lustratum
270 749 395 831 genitrix
410 749 506 812 divino
520 771 627 835 corpus
641 753 732 814 odore

84 848 187 928 Unxit,
202 864 233 915 et
246 853 392 917 ambrosii
404 875 474 917 curn
489 855 567 918 dulci
580 868 700 918 nectare
719 855 811 918 mixtis
1012 854 1047 915 as

83 953 214 1039 Contigit
227 979 270 1034 os,
286 957 413 1043 lecitque
428 959 538 1022 deum:
561 980 650 1043 quem
668 961 753 1024 turba
766 958 884 1035 Quirini

82 1057 244 1144 Nuncupat
258 1061 443 1145 indigetem3
463 1064 632 1148 temploque
652 1065 766 1149 arisque
781 1065 907 1151 recepit.-

28 1214 36 1235 .·
126 1166 200 1230 Inde
216 1168 268 1231 sub
283 1168 405 1231 Ascanii>
417 1167 525 1230 ditione
540 1168 694 1233 binominis
710 1169 797 1246 Alba,

83 1272 206 1356 Resque
215 1272 328 1335 Latina
342 1272 414 1335 suit:
436 1272 570 1336 succedit
585 1272 692 1336 Silvius
705 1275 763 1337 illi:

81 1375 153 1451 Quo
168 1392 256 1454 satus,
271 1377 388 1461 antiquo
401 1379 493 1442 tenuit
506 1380 629 1463 repetita
642 1378 766 1444 Latinus
992 1380 1048 1443 100

79 1481 210 1546 Nomina
223 1504 293 1547 cum
306 1495 432 1567 sceptro.
477 1481 601 1546 Clarum
615 1485 691 1548 subit
703 1484 781 1547 Alba
795 1481 935 1547 Latinum
948 1506 956 1546 ε

79 1585 186 1672 Epitos
199 1610 239 1652 cx
253 1589 302 1651 illo
316 1601 380 1652 est:
402 1601 468 1674 post
481 1588 562 1653 huuc
574 1587 776 1674 Capetusque,
791 1587 976 1673 Capysque3-

79 1691 143 1756 Sed
158 1691 260 1776 Capys
275 1693 341 1755 autb
356 1691 418 1755 lirit.
464 1693 606 1775 Regnum
624 1693 782 1757 Tiberinus
797 1693 902 1757 abillis

77 1793 187 1877 Cepit3
210 1810 239 1857 et
252 1796 282 1858 in
295 1794 389 1858 Tusci
404 1796 556 1859 demersus
569 1797 694 1860 fluminis
709 1797 798 1860 undis-

76 1898 207 1962 Nomina
223 1896 292 1961 fecit
307 1919 399 1982 aquae.
444 1899 495 1960 De
509 1921 567 1983 quo
589 1898 804 1984 Remulusque,
820 1899 965 1988 feroxque
988 1901 1045 1967 106

75 2004 187 2066 Acrota
201 2018 266 2067 sunt
280 2003 389 2087 geniti:
411 2002 557 2068 Remulus
577 2007 716 2069 maturior
731 2007 814 2071 annis

74 2107 231 2173 Fulmineo
246 2109 340 2195 periit,
354 2109 479 2174 imitator
494 2108 629 2188 fubninis,
644 2111 714 2175 ictu.

75 2212 180 2278 Fratre
196 2237 249 2279 suo
264 2227 412 2300 sceptrum
426 2215 604 2279 moderatior
623 2217 734 2280 Acrota
749 2214 814 2280 sorti

73 2319 180 2383 Tradit
193 2321 359 2384 Aventino:
382 2321 430 2405 qui
446 2343 504 2406 quo
524 2321 669 2406 regntirat,
685 2321 793 2385 eodem

73 2424 177 2488 Monte
187 2424 269 2509 jacet
282 2427 413 2508 positus3
434 2427 589 2510 tribuitque
604 2416 746 2490 vocabula
760 2427 860 2488 monti.
986 2431 1043 2490 110

72 2527 199 2612 Jamque
214 2527 352 2591 Palatinae
368 2549 513 2590 summam
528 2529 627 2592 Proca
637 2531 730 2611 gentis
743 2530 879 2593 habebat.

73 2632 160 2714 Rege
176 2631 228 2694 sub
243 2631 301 2692 hoc
316 2629 450 2692 Pomona
464 2629 537 2693 fuit:
559 2631 618 2714 qut
631 2633 710 2694 nulla
722 2631 845 2698 Latinas

71 2737 150 2799 Inter
165 2733 394 2816 Hamadryadas
407 2735 497 2797 coluit
511 2735 653 2806 sollertiis
667 2737 775 2813 hortos,

72 2840 140 2903 Nec
155 2838 207 2902 suit
221 2839 335 2902 arborei
349 2838 502 2902 studiosior
516 2840 605 2903 altera
616 2839 725 2905 foetts:

70 2943 160 3019 Unde
174 2958 255 3008 tenet
268 2966 386 3009 nomen.
432 2943 502 3007 Non
517 2944 602 3009 silvas
615 2945 673 3022 illa,
687 2966 744 3009 nec
760 2967 882 3027 amnes3
982 2954 1040 3017 115

71 3049 138 3115 Rus
152 3040 240 3127 amat,
256 3065 407 3130 erramus,
421 3048 517 3114 felicia
530 3072 620 3135 poma
634 3051 771 3116 ferentes.

71 3155 140 3219 Nec
149 3157 249 3241 jaculo
263 3158 358 3239 gravis
373 3170 427 3233 est,
442 3157 495 3219 sed
516 3155 632 3220 adunci
645 3157 768 3221 dextera
781 3155 876 3221 falce:

8 3307 13 3319 .
71 3259 144 3332 Qua
156 3259 246 3322 modb
259 3260 405 3322 luxuriem
417 3261 530 3342 premit,
546 3274 576 3323 et
589 3260 739 3343 spatiantia
752 3261 860 3342 passim

69 3363 199 3427 Brachia
213 3365 393 3448 compescit:
414 3364 483 3428 fis'sb
496 3364 586 3427 modb
600 3363 709 3427 cortice
723 3362 833 3447 virgam
863 3427 867 3446 ,

68 3465 182 3544 inserit,
198 3481 228 3530 et
241 3488 346 3531 succos
360 3467 453 3530 alieno
467 3481 583 3551 praestat
593 3468 719 3530 alumno.
886 3503 888 3505 ·
978 3475 1037 3536 120

69 3573 137 3640 Nec
151 3573 256 3659 patitur
270 3571 375 3671 sentire
390 3572 486 3634 sitim:
508 3570 670 3653 bibulaque
690 3593 827 3640 recurvas

69 3677 192 3744 Radicis
204 3678 292 3742 fibras
304 3676 467 3742 labentibus
480 3674 577 3759 irrigat
591 3675 685 3742 undis.
