2264 4042
337 284 450 347 mnne
462 279 538 348 XIV.
570 282 574 293 “

55 443 181 506 mximas
194 444 339 508 Ausonias
352 446 447 532 injusti
461 446 545 511 miles
558 447 660 510 Amuli

55 547 73 609 it
86 558 188 643 opestss¹
196 549 391 634 Numitorque
406 571 499 615 senex
513 553 618 616 amissa
630 564 771 639 nepotun

55 673 105 714 ere
118 644 321 738 regnacapit:
342 654 480 738 festisque
491 655 630 719 Palilibus
643 657 723 721 urbis
888 657 946 718 125

55 757 93 819 ria
106 759 279 821 conduntur.
323 758 486 844 Tatiusque
501 774 656 843 patresque
678 760 778 824 Sabini

55 884 65 925 t
79 877 203 947 gerunt:
226 864 358 947 arcisque
373 862 422 924 viia
435 863 567 947 Tarpeia
580 856 696 927 reclusit¹
781 926 787 940 ,

55 966 79 1028 ia
94 968 221 1030 animam
235 966 325 1050 poena
338 969 483 1051 congestis
498 969 580 1032 exuit
594 969 691 1033 armis.

60 1070 119 1134 'sati
133 1071 272 1148 Curibus,
287 1072 440 1136 tacitorum
454 1094 536 1137 more
552 1073 696 1157 luporum,

56 1190 192 1258 premunt
204 1198 302 1252 voces,
317 1189 347 1238 et
360 1198 483 1260 corpora
496 1177 573 1240 victa
587 1198 692 1261 sopore
888 1176 948 1237 130

55 1281 128 1358 iunt,
143 1295 299 1364 portasque
313 1293 435 1363 petunt3
457 1302 530 1364 quas
543 1281 638 1365 objice
653 1278 737 1342 firmi

56 1399 133 1448 serat
146 1385 262 1447 Iliades.
307 1382 407 1446 Unam
420 1397 519 1448 tamen
533 1386 597 1469 ipsa
610 1384 743 1458 recludit,

60 1490 211 1571 strepitum
225 1507 309 1550 verso
325 1487 460 1550 Satumia
478 1489 597 1552 cardine
612 1488 691 1550 fecit.

61 1591 166 1654 Venus
180 1582 269 1675 portae
284 1590 426 1653 cecidisse
441 1592 580 1674 repagula
595 1591 703 1654 sensit:

55 1698 166 1759 {ausura
180 1695 232 1757 suit
244 1717 260 1780 ²¹.
273 1694 326 1758 nisi
342 1693 421 1777 qudd
435 1695 602 1758 rescindere
617 1715 765 1779 nunquam
884 1699 943 1758 135

55 1803 114 1865 icet
128 1816 193 1864 aeta
207 1786 316 1864 decim-²
351 1797 428 1865 Jano
441 1801 506 1864 loca
515 1800 618 1886 juncte
628 1802 766 1865 tenebant

55 1928 92 1969 ‚es
103 1907 248 1982 Ausonia,
263 1905 361 1989 gelido
374 1906 497 1968 rorantia
512 1904 611 1970 fonte:

56 2026 137 2094 rogat
152 2012 300 2074 auxilium.
344 2009 412 2073 Nec
426 2012 562 2094 nymphe
574 2013 654 2096 justa
667 2024 816 2094 petentem

56 2117 146 2178 nubre
161 2118 247 2180 deam
262 2140 269 2178 ε
291 2136 439 2198 venasque
455 2129 485 2176 et
498 2113 618 2176 flumina
632 2113 717 2178 sontis

54 2220 114 2283 nire
130 2222 184 2283 sui.
229 2220 371 2283 Nondum
386 2233 485 2280 tamen
499 2218 575 2278 invia
589 2216 656 2279 tani
882 2222 942 2279 140

55 2325 173 2408 patentis
188 2337 279 2399 erant,
294 2343 391 2405 neque
406 2321 460 2382 iter
473 2320 660 2403 praeciuserat
673 2320 763 2383 unda.

55 2428 87 2490 ia
101 2440 265 2511 supponunt
279 2424 420 2489 foecundo
433 2422 541 2486 sulfura
555 2422 635 2499 fonti,

55 2532 194 2613 1dnntque
210 2552 297 2592 cavas
311 2528 440 2592 fumante
454 2528 594 2591 bitumine
609 2551 709 2594 venas.

58 2656 92 2697 us
105 2635 150 2697 his
165 2635 283 2718 aliisque
298 2655 388 2718 vapor
402 2633 563 2716 penetravit
577 2634 614 2697 ad
628 2635 688 2697 ime

53 2740 98 2801 is:
120 2754 150 2801 et
163 2739 269 2822 Alpino
279 2738 369 2801 modd
384 2759 447 2820 quae
462 2751 575 2800 certare
590 2738 676 2821 rigori
880 2744 939 2802 145

55 2844 137 2906 ibatis
152 2865 244 2926 aqua,
259 2863 317 2903 non
332 2841 434 2904 ceditis
447 2840 560 2924 ignibus
574 2841 653 2924 ipsis.

55 2946 164 3009 nniferd
178 2946 285 3028 gemini
299 2944 411 3007 fumant
425 2945 597 3026 adspergine
611 2957 730 3026 postes:

55 3073 133 3134 tque,
147 3051 343 3134 nequicquam
357 3049 456 3130 rigidis
470 3049 612 3130 permissa
627 3047 751 3125 Sabinis,

55 3176 70 3216 e
86 3154 138 3216 fuit
151 3167 317 3238 praestructa
332 3172 429 3229 novo;
451 3152 522 3213 dum
537 3149 660 3214 Martius
675 3171 756 3213 arma

55 3272 113 3321 eret
126 3258 219 3319 miles.
265 3254 341 3331 Quae
353 3268 507 3339 postquam
522 3253 668 3318 Romulus
682 3256 757 3318 ultro
879 3265 939 3324 150

55 3363 106 3441 lit3
129 3375 159 3423 et
183 3374 270 3423 strata
284 3375 328 3423 est
351 3361 435 3423 tellus
450 3359 587 3422 Romana
606 3359 720 3422 Sabinis

55 3467 163 3542 oribus,
179 3479 266 3528 strata
280 3479 381 3548 estque
397 3464 476 3543 suis;
497 3464 654 3547 generique
669 3486 803 3529 cruorem

56 3572 124 3633 uine
139 3592 208 3633 cum
223 3569 316 3632 soceri
330 3569 498 3653 permiscuit
514 3568 617 3652 impius
632 3570 728 3632 ensis:

55 3704 57 3731 i
71 3689 170 3740 tamen
186 3675 245 3740 sisti
260 3673 378 3751 bellum,
392 3697 449 3739 nec
463 3675 493 3737 in
507 3675 607 3738 ultima
621 3672 698 3736 ferro
