2264 4042
505 209 620 276 braun
638 211 661 269 l.
1041 206 1081 274 lt

98 372 214 441 Hostes
227 394 351 460 queque
366 395 445 438 suos.
490 372 587 437 Amor
601 386 645 436 est
657 371 729 435 mibi
744 392 836 437 eausa
849 364 1004 457 sequendi.

97 478 154 544 Me
169 479 329 543 miserum!
351 499 390 542 ne
404 498 498 563 prona
512 476 614 555 cadas,
628 476 784 560 indignave
798 476 867 540 laedi

98 580 198 647 Crura
211 595 315 646 secent
328 593 448 663 semu
470 594 501 644 et
516 580 571 644 sim
584 580 636 644 tibi
650 600 742 644 eausa
756 579 877 644 doloris.
1013 576 1078 640 450

96 685 226 770 Aspera,
240 682 301 769 quir
313 704 466 769 properas,
482 683 550 748 loca
563 696 639 747 sunt.
680 679 879 761 Moderatus,
893 702 958 758 oro,

96 784 208 863 Curre,
224 783 385 870 fugamque
399 784 499 849 inhibe
513 807 521 847 ε
542 785 724 849 moderatiirs
737 785 875 870 insequar
889 784 965 871 ipse.

97 889 159 957 Cui
173 892 305 977 placeas,
318 890 434 976 inquire
448 904 561 956 tamen
606 889 679 957 Non
692 890 790 955 incola
803 890 919 967 montis,

95 995 170 1062 Non
184 1018 242 1081 ego
256 1018 324 1060 sum
336 1010 436 1083 paster
448 1018 457 1077 ‚³
471 1018 531 1060 non
544 995 595 1061 hie
610 1009 754 1075 umente,
771 1016 915 1082 gregesve

96 1101 248 1167 Horridus
261 1104 398 1169 observo.
443 1102 562 1183 Nescis,
577 1104 745 1182 temeraria,
759 1103 859 1168 neseis
1011 1100 1076 1164 465

97 1206 202 1282 Quem
216 1206 311 1293 firgias
323 1231 332 1272 ε
346 1209 475 1295 ideoque
490 1207 576 1294 sugis.
621 1208 698 1274 Mihi
714 1207 865 1296 Delphica
878 1206 976 1282 tellus,

94 1313 139 1379 Et
153 1313 271 1394 Claros,
286 1329 318 1379 et
329 1314 485 1394 Tenedos,
508 1314 705 1402 Patareaque
720 1315 803 1402 regia
817 1313 918 1380 servit.

95 1419 214 1506 Jupiter
229 1435 274 1485 est
288 1422 412 1506 genitor.
457 1420 520 1486 Per
534 1444 595 1501 me,
612 1423 692 1508 qued
707 1423 833 1508 eritque,
847 1419 972 1505 fuitque,

96 1524 224 1612 Estque,
239 1541 321 1612 patet
334 1550 341 1590 ε
355 1549 411 1613 per
424 1549 475 1591 me
490 1528 672 1591 concordant
686 1528 819 1590 earmim
831 1525 940 1589 nervis.

48 1716 50 1720 Ι
97 1622 190 1697 Certa
204 1632 327 1718 quidem
341 1645 441 1696 nostra
455 1644 521 1696 est:
535 1630 634 1697 nesbit
648 1646 748 1697 tamen
763 1654 823 1697 una
837 1628 943 1717 sagitta
989 1635 1078 1696 ¹4⁸70

97 1736 225 1814 Certior,
240 1739 271 1801 in
286 1759 381 1802 vacuo
397 1759 462 1824 que
477 1739 600 1804 vulnera
612 1753 736 1825 pectore
751 1737 832 1803 feeit.

23 1894 28 1904 .
77 1900 80 1904 .
95 1842 250 1909 Inventrun
265 1844 413 1907 medicina
426 1866 529 1908 meum
544 1858 610 1926 est;
631 1845 784 1931 opiferque
799 1866 853 1931 per
867 1845 972 1910 orbem

52 2029 57 2038 ‚
95 1948 213 2029 Dinon
235 1962 265 2013 et
278 1949 436 2048 herbarum
450 1949 583 2036 subjecta
596 1951 726 2036 potentia
740 1949 833 2015 nobis.

96 2050 159 2116 Hei
169 2051 252 2129 mihi,
267 2051 348 2136 qubd
362 2052 447 2118 nullis
461 2074 545 2119 arnor
559 2067 604 2117 est
617 2053 799 2117 medicabilis
812 2052 932 2117 herbis:

96 2157 166 2220 Nee
180 2170 303 2242 prosunt
316 2157 445 2235 domino,
462 2179 526 2243 quae
540 2171 662 2244 prosunt
674 2158 821 2234 omnibus,
837 2157 932 2221 artes!
945 2157 954 2187 ’
1013 2162 1054 2218 47
1058 2162 1076 2219 5

96 2259 189 2326 Plura
202 2262 368 2327 locuturum
381 2263 484 2327 tirrrido
499 2261 616 2325 Peneia
629 2283 719 2324 eursu

95 2365 206 2452 Fugit3
228 2388 357 2452 eumque
372 2368 436 2452 ipse
447 2367 539 2430 verba
552 2364 727 2451 imperfecta
740 2365 867 2452 reliquit.

140 2472 184 2537 Ut
197 2473 281 2537 oanis
294 2473 325 2535 in
335 2493 431 2536 vacue
442 2472 576 2557 leporem
590 2471 661 2535 edm
676 2471 809 2538 Gallicus
824 2493 895 2536 ervo

95 2575 199 2658 Vidit3
221 2591 252 2642 et
265 2577 315 2641 hie
329 2578 461 2663 predam
477 2577 604 2661 pedibus
618 2578 700 2663 petit,
715 2578 763 2642 ibe
778 2570 925 2642 salutem:

20 2768 22 2772 Ι
96 2684 181 2748 Alter
194 2684 340 2748 iubaesuro
354 2683 464 2763 similis,
475 2683 673 2772 jamjamque
687 2699 791 2751 tenere
1012 2689 1077 2749 480

98 2787 216 2874 Sperat,
231 2802 262 2852 et
276 2803 396 2853 extento
411 2789 523 2874 stringit
535 2791 658 2876 vestigia
671 2806 766 2855 rostro
780 2814 787 2855 :

95 2895 181 2959 Alter
194 2895 225 2958 in
240 2896 377 2980 ambiguo
391 2911 446 2975 est,
462 2918 500 2960 an
510 2880 551 2961 ¹sit
561 2897 734 2983 deprensus,
750 2912 780 2960 et
794 2898 863 2983 ipsis
927 2970 930 2977 ⁴

95 2998 245 3065 Morsibus
259 3001 387 3088 eripiarr,
401 3002 611 3087 tangentiaque
625 3024 679 3065 ora
692 3003 829 3086 relinquit
844 3026 851 3065 :

18 3149 22 3157 ·
97 3108 150 3172 Sia
165 3109 249 3186 deus,
265 3122 296 3172 et
307 3109 389 3193 virge
404 3123 470 3173 est:
491 3108 541 3172 hic
556 3131 609 3195 spe
624 3108 715 3187 celer,
730 3109 779 3174 illa
793 3110 908 3175 timore.

96 3212 159 3288 Qui
173 3226 272 3279 tamen
286 3214 456 3300 insequitur,
471 3215 575 3301 peruris
590 3215 705 3302 adjutus
719 3214 839 3281 Amoris
1010 3224 1074 3284 485

96 3319 190 3384 Ocior
204 3334 258 3398 est,
272 3322 466 3407 requiemque
480 3335 591 3406 negat:
612 3336 754 3407 tergoque
769 3320 868 3408 fugaci

94 3425 234 3490 lrnminet
242 3450 252 3513 Ξ
274 3441 304 3490 et
317 3427 430 3490 crinem
445 3449 578 3514 sparsum
593 3427 756 3493 cervicibus
771 3429 860 3494 afflat.

138 3528 259 3596 Viribus
273 3532 433 3617 absumptis
448 3533 589 3619 expalluit
600 3533 671 3597 illa:
693 3535 817 3622 citaeque

95 3634 185 3702 Victa
197 3637 299 3702 labore
314 3635 401 3721 fugae,
417 3635 552 3724 spectans
568 3637 720 3705 Peneidas
734 3642 839 3719 undas,

355 3742 398 3804 ἢῆ
