2264 4042
84 268 127 334 ηε
374 260 751 320 unrnuonruosnon

84 419 168 497 Quid
183 419 295 485 saciat?
318 421 442 484 multum
457 421 526 484 coeli
540 435 607 506 post
619 435 703 505 terga
717 419 875 484 relictum:

83 527 163 592 Ante
177 526 280 590 oculos
292 529 358 611 plus
373 541 426 591 est.
471 527 582 590 Animo
595 525 714 590 metitur
728 540 895 610 utrumque.

83 631 126 698 Et
140 633 241 712 modii,
257 656 331 720 quos
344 635 383 697 illi
397 636 458 700 sato
472 634 645 717 contingere
660 655 719 696 non
735 646 789 708 est,

83 737 230 824 Prospicit
244 761 390 805 occasus:
412 741 559 804 interdurn
575 739 694 823 respicit
707 750 798 802 ortus.

83 843 227 930 Quidque
243 861 312 929 agat
326 846 454 931 ignarus,
469 860 586 931 stupet:
609 858 640 909 et
655 866 712 909 nec
728 842 816 908 sraena
831 845 960 923 remitu't,
1000 850 1066 911 190

82 949 152 1015 Nec
166 952 292 1016 retinere
306 954 403 1017 valet:
424 974 482 1016 nec
496 953 616 1044 nomina
630 951 708 1015 novit
722 972 877 1035 equorum.

82 1056 193 1143 Sparsa
204 1080 322 1144 quoque
336 1061 367 1123 in
381 1060 462 1123 vario
475 1059 585 1144 passim
599 1058 742 1121 miracula
755 1058 843 1136 coelo,

79 1160 298 1251 vastarumque
312 1165 392 1230 videt
404 1166 536 1249 trepidus
550 1165 708 1229 simulacra
722 1162 862 1230 serarum.

124 1267 182 1335 Est
194 1270 287 1348 locus,
303 1272 332 1334 in
347 1272 480 1356 genrinos
494 1271 544 1335 ubi
559 1271 680 1334 brachia
694 1284 839 1334 concavat
853 1291 940 1335 arcus
1030 1316 1033 1322 ·

80 1373 241 1460 Scorpios3
264 1389 295 1440 et
308 1375 407 1441 caudis
416 1376 561 1462 flexisque
576 1376 712 1460 utrinque
726 1374 842 1440 lacertis
997 1380 1061 1442 195

78 1476 207 1566 Porrigit
220 1481 250 1544 in
264 1482 390 1567 spatium
405 1483 555 1568 signorum
569 1482 704 1546 membra
718 1481 855 1545 duorum.

79 1581 171 1650 Hunc
185 1608 261 1671 puer
274 1602 307 1652 ut
320 1589 394 1673 nigri
404 1589 559 1654 madidum
572 1589 680 1654 sudore
694 1585 801 1650 venem

77 1686 212 1754 Vulnera
225 1691 347 1755 curvati
360 1693 542 1756 minitantem
559 1693 682 1776 cuspide
697 1692 769 1754 vidit
779 1714 790 1770 3

77 1789 191 1858 Mentis
204 1795 298 1877 inops,
314 1792 414 1877 gelida
427 1793 582 1860 formidine
597 1795 660 1858 lora
673 1793 794 1856 remisit.

77 1894 157 1973 Qua
172 1911 329 1983 postquam
344 1919 493 1963 summum
504 1898 627 1982 tetigero
637 1888 769 1984 jacentia
782 1912 909 1984 tergun,
996 1906 1061 1967 200

77 2001 290 2088 Exspatiantur
304 2004 393 2090 equi:
415 2005 554 2090 nulloque
568 2004 718 2069 inhibente
733 2026 787 2089 per
798 2027 885 2070 auras

75 2107 185 2196 Ignota
200 2111 327 2197 regionis
342 2125 431 2189 eunt;
454 2110 572 2196 quiaque
586 2111 713 2197 impetus
728 2112 798 2196 egit,

78 2215 148 2282 Hac
163 2218 226 2283 sine
240 2218 307 2304 lege
322 2232 409 2284 ruunt
421 2241 430 2281 ε
452 2219 569 2304 altoque
581 2219 635 2282 sub
651 2218 759 2281 aethere
774 2217 842 2281 fixis

75 2321 232 2390 incursant
245 2327 345 2405 stellis,
359 2328 535 2413 rapiuntque
549 2349 605 2412 per
620 2326 685 2391 avia
699 2346 829 2390 currum.

75 2426 119 2492 Et
132 2429 224 2493 modo
238 2451 354 2495 summa
367 2445 479 2513 petunt,
494 2433 586 2494 modo
600 2454 655 2515 per
670 2422 795 2508 decliva,
811 2432 931 2518 viasque
990 2424 1055 2498 205

74 2530 247 2618 Pracipites
262 2534 356 2618 spatio
369 2547 454 2597 terre
470 2534 607 2617 propiore
622 2533 764 2597 seruntur.

74 2631 259 2719 Inferiusque
275 2635 335 2699 suis
349 2632 492 2699 fraternos
506 2655 626 2697 currere
641 2633 731 2698 Luna

74 2739 247 2803 Admiratur
261 2759 373 2823 equosz
396 2738 588 2822 ambustaque
602 2739 702 2804 nubila
716 2738 838 2806 surnant.

76 2845 241 2932 Corripitur
255 2845 392 2924 flammis,
406 2861 439 2911 ut
453 2867 578 2931 quaque
594 2846 741 2926 altissima,
756 2849 861 2930 tellus3

76 2949 221 3038 Fissaque
238 2954 296 3039 agit
310 2953 409 3033 rimas,
424 2967 455 3019 et
469 2953 566 3018 succis
581 2967 645 3018 aret
659 2955 815 3040 ademptis.
988 2963 1054 3024 210

74 3053 193 3124 Pabula
206 3073 388 3128 canescunt:
410 3081 481 3126 cum
495 3057 646 3125 frondibus
661 3061 751 3125 uritur
767 3061 875 3125 arbos:

74 3163 293 3253 Materiemque
307 3190 362 3232 suo
376 3171 487 3254 prabet
501 3191 588 3253 seges
604 3169 687 3233 arida
701 3169 822 3232 damno.

75 3270 175 3338 Parva
189 3294 306 3357 queror.
352 3272 470 3360 Magne
492 3289 617 3359 pereunt
630 3295 700 3338 cum
715 3273 862 3337 moenibus
876 3275 986 3339 urbes:

75 3376 216 3464 Cumque
231 3380 291 3444 suis
304 3391 380 3444 totas
394 3381 511 3465 populis
525 3380 662 3444 incendia
676 3392 780 3463 gentes

70 3483 106 3550 ln
120 3483 253 3550 cinerem
267 3498 393 3549 vernant.
439 3484 526 3549 Silvae
541 3507 613 3549 curn
627 3484 774 3548 montibus
785 3485 899 3550 ardent.
986 3494 1053 3553 215

71 3590 168 3656 Ardet
181 3589 287 3669 Athos,
301 3586 481 3674 Taurusque
496 3588 587 3665 Cilix,
603 3588 784 3668 etTmolus‚
800 3605 831 3654 et
845 3589 943 3672 OEte;
1093 3572 1098 3579 ¹

55 3692 114 3760 -Et
126 3719 205 3770 nunc
220 3697 309 3774 sicca
324 3696 405 3784 prins
418 3695 614 3764 celeberrima
628 3694 765 3773 lontibus,
780 3695 854 3778 lde3
