2264 4042
514 206 669 328 mut
736 194 738 198 ’

123 376 262 463 Ingentes
276 375 374 441 animo
388 389 419 442 et
433 376 537 463 dignas
546 376 626 442 Jove
637 375 765 461 concipit
777 377 859 456 itas3

124 482 349 568 Consiliumque
364 497 463 548 vocat.
506 482 620 548 Tenuit
633 504 716 547 mora
729 482 810 546 nulla
822 493 955 545 vocatos.

167 588 224 656 Est
237 590 285 653 via
294 589 439 667 sublimis,
454 590 532 654 ooelo
546 586 702 651 manifesta
716 608 841 651 serenos

122 693 237 760 Lactea
251 717 360 759 nomen
374 696 483 776 habet;
505 695 635 760 candore
648 692 782 757 notabilis
795 693 871 777 ipso.

123 804 194 869 Hbc
208 806 263 869 iter
277 820 322 870 est
334 806 448 891 superis
463 805 502 869 ad
516 803 616 887 magni
629 816 708 865 tecta
721 800 876 877 Tonantis,
1039 801 1103 862 170·

17 962 19 966 Α
111 906 331 992 ·Regalemque
347 907 480 971 domum.
525 903 644 969 Dextri
657 903 788 988 lavitque
803 904 928 967 deorum

122 1009 208 1073 Atria
221 1009 361 1072 nobilium
375 1009 466 1073 valvis
480 1009 665 1072 celebrantur
679 1007 799 1092 apertis.

122 1113 216 1183 Plebs
229 1115 359 1179 habitant
374 1115 489 1179 diversa
501 1115 586 1178 locis.
630 1113 661 1176 A
675 1111 769 1176 fronte
784 1125 920 1196 potentes

124 1216 286 1299 Coelicolae,
301 1221 431 1306 clarique
447 1242 516 1286 suos
529 1220 657 1306 posuere
672 1232 805 1304 penates.

58 1343 60 1348 ·
125 1322 186 1389 Hic
200 1317 287 1390 locus·
298 1341 342 1390 est
356 1351 366 1407 3
389 1348 489 1411 quem,
505 1328 528 1390 si
543 1327 639 1391 verbis
654 1325 780 1390 audacia
794 1324 890 1401 deun,
1038 1325 1105 1385 1751

126 1428 219 1494 Haud
233 1431 354 1496 timeam
368 1433 467 1516 magni
484 1433 594 1496 dixisse
609 1432 725 1495 Palatia
738 1429 818 1494 coeli.

166 1535 250 1621 Ergo
264 1537 315 1601 ubi
328 1558 497 1599 marmoreo
512 1537 609 1620 superi
625 1537 730 1598 sedere
745 1555 879 1611 recessu,

35 1641 38 1646 ’
125 1641 242 1707 Celsior
256 1642 320 1727 ipse
334 1641 411 1717 looo,
426 1654 601 1724 sceptroque
615 1639 734 1703 innixus
746 1640 869 1718 eburno,

125 1742 302 1808 Terrificam
317 1741 419 1826 capitis
429 1741 577 1804 concussit
590 1755 698 1825 terque
709 1756 872 1826 quaterque

126 1845 289 1911 Cesariem
302 1867 311 1924 3
333 1866 403 1908 cum
418 1843 479 1928 qud
491 1858 610 1921 terram,
624 1866 718 1922 mare,
734 1845 842 1921 sidera,
856 1842 956 1909 movit.
1041 1846 1102 1907 180

124 1949 249 2014 Talibus
264 1949 333 2013 inde
347 1949 443 2013 modis
457 1971 510 2013 ora
524 1949 702 2032 indignantia
717 1950 822 2014 solvit:

45 2115 49 2122 ,
127 2052 219 2116 ‘Non
233 2073 290 2136 ego
304 2074 358 2136 pro
372 2052 475 2115 mundi
489 2074 581 2136 regno
596 2049 690 2136 magis
705 2053 810 2117 anxius
824 2051 873 2117 ills

126 2155 321 2240 Tempestate
336 2154 387 2233 lui,
403 2155 596 2242 quincentum
611 2157 736 2242 quisque
750 2159 893 2240 parabant

126 2259 251 2347 Injicere
267 2262 464 2345 anguipedum
479 2262 596 2344 captivo
608 2261 730 2323 brachia
740 2261 828 2322 ooelo.

126 2363 219 2440 Nam,
234 2383 402 2447 quanquam
417 2365 496 2426 serus
509 2363 600 2426 hostis
615 2375 688 2438 erat,
702 2375 803 2425 tamen
816 2362 888 2427 illud
903 2364 941 2428 ab
955 2384 1015 2428 uno
1039 2367 1100 2428 185

128 2466 275 2553 Corpore,
291 2481 321 2531 et
336 2488 375 2531 ex
390 2465 449 2530 und
462 2468 611 2552 pendebat
624 2468 734 2552 origine
749 2470 870 2532 bellum.

128 2573 218 2638 Nune
233 2573 314 2651 mihi,
330 2573 390 2657 qui
403 2588 496 2638 totum
510 2574 543 2638 N
543 2596 630 2638 erens
643 2575 838 2640 circumtonat
850 2577 964 2654 orbern,

127 2677 322 2745 Perdendom
336 2672 458 2744 mortale
474 2702 577 2764 genus.
620 2680 682 2745 Per
696 2681 817 2747 flumina
826 2682 895 2768 juro

103 2783 233 2883 slusera,
249 2786 302 2849 sub
317 2799 409 2849 terras
424 2787 525 2870 Stygio
539 2787 665 2851 labentia
679 2788 757 2865 luco,

128 2885 248 2951 Cuncta
261 2886 341 2972 priirs
354 2902 464 2952 tentata
477 2911 484 2950 ε
507 2889 561 2952 sed
575 2888 793 2953 immedicabile
806 2889 910 2954 vulnus
1042 2893 1102 2954 190

128 2991 214 3056 Ense
228 2992 431 3070 recidendum,
446 3015 484 3056 ne
499 3014 567 3077 pars
583 2993 698 3058 sincera
711 2995 851 3058 trahatur,
881 3019 883 3024 ¹

129 3092 206 3158 Sunt
219 3095 291 3157 mihi
307 3093 450 3172 Semidei,
466 3109 533 3158 sunt
546 3095 654 3158 rustica
667 3096 788 3159 numina
803 3097 962 3184 Nympho,
1089 3114 1092 3121 '

129 3197 297 3284 Faunique,
313 3199 480 3284 Satyrique,
496 3213 526 3263 et
540 3200 703 3264 monticolae
720 3200 851 3266 Silvani:

128 3303 217 3380 Quos
233 3306 372 3390 quoniam
386 3307 455 3369 coeli
469 3307 601 3369 nondum
617 3307 771 3392 dignamur
784 3311 907 3389 honore,

102 3464 105 3468 Α
130 3409 216 3485 Quas
230 3410 377 3488 dedimus,
391 3411 472 3474 certe
488 3425 580 3475 terras
594 3412 724 3477 habitare
739 3414 878 3479 sinamus.
1042 3424 1104 3484 195

89 3506 91 3510 ⁸
128 3516 178 3580 An
193 3515 272 3594 satis,
287 3538 306 3580 ο
321 3518 427 3602 superi,
442 3531 519 3582 tutos
533 3514 596 3582 sore
611 3520 729 3583 creditis
743 3520 816 3598 illos,

129 3620 211 3686 Ciam
225 3623 306 3700 mihi,
322 3622 371 3707 qui
385 3621 506 3701 minen,
522 3624 571 3708 qui
585 3647 638 3688 vos
652 3625 817 3710 habeoque,
832 3648 973 3713 rogoque,
