<?xml version="1.0" encoding="UTF-8"?>
<!DOCTYPE html PUBLIC "-//W3C//DTD XHTML 1.0 Transitional//EN"
    "http://www.w3.org/TR/xhtml1/DTD/xhtml1-transitional.dtd">
<html xmlns="http://www.w3.org/1999/xhtml" xml:lang="en" lang="en">
 <head>
  <title>
</title>
<meta http-equiv="Content-Type" content="text/html;charset=utf-8" />
  <meta name='ocr-system' content='tesseract 3.04.00' />
  <meta name='ocr-capabilities' content='ocr_page ocr_carea ocr_par ocr_line ocrx_word'/>
</head>
<body>
  <div class='ocr_page' id='page_1' title='image "./excerptaexscrip03ovidgoog_0129.png"; bbox 0 0 2264 4042; ppageno 0'>
   <div class='ocr_carea' id='block_1_1' title="bbox 122 276 789 345">
    <p class='ocr_par' dir='ltr' id='par_1_1' title="bbox 122 276 789 345">
     <span class='ocr_line' id='line_1_1' title="bbox 122 276 789 345; baseline 0.001 -10"><span class='ocrx_word' id='word_1_1' title='bbox 122 288 185 345; x_wconf 81' lang='grc'>114-</span> <span class='ocrx_word' id='word_1_2' title='bbox 412 276 789 336; x_wconf 73' lang='lat' dir='ltr'><strong>METAMORPHOSEON</strong></span> 
     </span>
    </p>
   </div>
   <div class='ocr_carea' id='block_1_2' title="bbox 121 432 1124 1041">
    <p class='ocr_par' dir='ltr' id='par_1_2' title="bbox 122 432 1085 621">
     <span class='ocr_line' id='line_1_2' title="bbox 122 432 1085 518; baseline -0.004 -21"><span class='ocrx_word' id='word_1_3' title='bbox 122 432 219 497; x_wconf 83' lang='lat' dir='ltr'><strong>Fama</strong></span> <span class='ocrx_word' id='word_1_4' title='bbox 232 447 323 510; x_wconf 87' lang='lat' dir='ltr'>tenet,</span> <span class='ocrx_word' id='word_1_5' title='bbox 337 434 512 518; x_wconf 72' lang='lat' dir='ltr'>summique</span> <span class='ocrx_word' id='word_1_6' title='bbox 529 435 651 497; x_wconf 93' lang='lat' dir='ltr'>domum</span> <span class='ocrx_word' id='word_1_7' title='bbox 666 436 721 498; x_wconf 74' lang='lat' dir='ltr'>sssii</span> <span class='ocrx_word' id='word_1_8' title='bbox 734 436 805 518; x_wconf 87' lang='lat' dir='ltr'>legit</span> <span class='ocrx_word' id='word_1_9' title='bbox 819 434 850 497; x_wconf 90' lang='lat' dir='ltr'>in</span> <span class='ocrx_word' id='word_1_10' title='bbox 868 454 962 498; x_wconf 67' lang='lat' dir='ltr'>ames</span> <span class='ocrx_word' id='word_1_11' title='bbox 1072 434 1085 493; x_wconf 81' lang='lat' dir='ltr'>t</span> 
     </span>
     <span class='ocr_line' id='line_1_3' title="bbox 122 539 878 621; baseline 0.004 -22"><span class='ocrx_word' id='word_1_12' title='bbox 122 543 356 621; x_wconf 87' lang='lat' dir='ltr'>Innumerosque</span> <span class='ocrx_word' id='word_1_13' title='bbox 371 540 476 613; x_wconf 82' lang='lat' dir='ltr'>aditus,</span> <span class='ocrx_word' id='word_1_14' title='bbox 491 560 527 600; x_wconf 88' lang='lat' dir='ltr'>ae</span> <span class='ocrx_word' id='word_1_15' title='bbox 541 540 620 600; x_wconf 89' lang='lat' dir='ltr'>mille</span> <span class='ocrx_word' id='word_1_16' title='bbox 636 539 779 602; x_wconf 79' lang='lat' dir='ltr'><strong>foramina</strong></span> <span class='ocrx_word' id='word_1_17' title='bbox 792 539 878 602; x_wconf 83' lang='lat' dir='ltr'>tectis</span> 
     </span>
    </p>

    <p class='ocr_par' dir='ltr' id='par_1_3' title="bbox 122 640 764 726">
     <span class='ocr_line' id='line_1_4' title="bbox 122 640 764 726; baseline 0 -22"><span class='ocrx_word' id='word_1_18' title='bbox 122 640 257 718; x_wconf 84' lang='lat' dir='ltr'>Addidit,</span> <span class='ocrx_word' id='word_1_19' title='bbox 272 656 302 704; x_wconf 89' lang='lat' dir='ltr'>et</span> <span class='ocrx_word' id='word_1_20' title='bbox 315 642 401 704; x_wconf 91' lang='lat' dir='ltr'>nullis</span> <span class='ocrx_word' id='word_1_21' title='bbox 416 641 536 704; x_wconf 85' lang='lat' dir='ltr'>inclusit</span> <span class='ocrx_word' id='word_1_22' title='bbox 550 642 650 704; x_wconf 91' lang='lat' dir='ltr'>limina</span> <span class='ocrx_word' id='word_1_23' title='bbox 664 644 764 726; x_wconf 87' lang='lat' dir='ltr'>portis.</span> 
     </span>
    </p>

    <p class='ocr_par' dir='ltr' id='par_1_4' title="bbox 122 745 952 831">
     <span class='ocr_line' id='line_1_5' title="bbox 122 745 952 831; baseline -0.001 -21"><span class='ocrx_word' id='word_1_24' title='bbox 122 746 222 811; x_wconf 85' lang='lat' dir='ltr'>Nocte</span> <span class='ocrx_word' id='word_1_25' title='bbox 239 747 348 831; x_wconf 91' lang='lat' dir='ltr'>dieque</span> <span class='ocrx_word' id='word_1_26' title='bbox 362 768 402 831; x_wconf 93' lang='lat' dir='ltr'>pa</span> <span class='ocrx_word' id='word_1_27' title='bbox 412 760 476 809; x_wconf 90' lang='lat' dir='ltr'>ten.</span> <span class='ocrx_word' id='word_1_28' title='bbox 519 745 600 809; x_wconf 86' lang='lat' dir='ltr'>Tota</span> <span class='ocrx_word' id='word_1_29' title='bbox 615 760 714 823; x_wconf 81' lang='lat' dir='ltr'>estex</span> <span class='ocrx_word' id='word_1_30' title='bbox 729 768 800 809; x_wconf 88' lang='lat' dir='ltr'>aure</span> <span class='ocrx_word' id='word_1_31' title='bbox 815 747 952 811; x_wconf 84' lang='lat' dir='ltr'>sonanti:</span> 
     </span>
    </p>

    <p class='ocr_par' dir='ltr' id='par_1_5' title="bbox 121 848 1124 1041">
     <span class='ocr_line' id='line_1_6' title="bbox 121 848 1124 936; baseline 0.002 -23"><span class='ocrx_word' id='word_1_32' title='bbox 121 848 202 913; x_wconf 84' lang='lat' dir='ltr'>Tota</span> <span class='ocrx_word' id='word_1_33' title='bbox 215 849 334 914; x_wconf 75' lang='lat' dir='ltr'>fremitz</span> <span class='ocrx_word' id='word_1_34' title='bbox 357 873 504 936; x_wconf 85' lang='lat' dir='ltr'>vocesque</span> <span class='ocrx_word' id='word_1_35' title='bbox 519 850 628 915; x_wconf 84' lang='lat' dir='ltr'>refert:</span> <span class='ocrx_word' id='word_1_36' title='bbox 650 852 792 934; x_wconf 85' lang='lat' dir='ltr'>iteratque</span> <span class='ocrx_word' id='word_1_37' title='bbox 806 851 887 935; x_wconf 91' lang='lat' dir='ltr'>quod</span> <span class='ocrx_word' id='word_1_38' title='bbox 902 852 996 915; x_wconf 86' lang='lat' dir='ltr'>audit.</span> <span class='ocrx_word' id='word_1_39' title='bbox 1121 920 1124 933; x_wconf 38' lang='lat'>¹</span> 
     </span>
     <span class='ocr_line' id='line_1_7' title="bbox 121 954 1088 1041; baseline 0 -22"><span class='ocrx_word' id='word_1_40' title='bbox 121 954 213 1019; x_wconf 93' lang='lat' dir='ltr'>Nulla</span> <span class='ocrx_word' id='word_1_41' title='bbox 226 957 310 1039; x_wconf 92' lang='lat' dir='ltr'>quies</span> <span class='ocrx_word' id='word_1_42' title='bbox 323 957 409 1032; x_wconf 87' lang='lat' dir='ltr'>intus,</span> <span class='ocrx_word' id='word_1_43' title='bbox 423 956 561 1041; x_wconf 75' lang='lat' dir='ltr'>nullique</span> <span class='ocrx_word' id='word_1_44' title='bbox 576 956 689 1019; x_wconf 89' lang='lat' dir='ltr'>silentia</span> <span class='ocrx_word' id='word_1_45' title='bbox 703 969 796 1040; x_wconf 88' lang='lat' dir='ltr'>parte.</span> <span class='ocrx_word' id='word_1_46' title='bbox 1056 958 1088 1019; x_wconf 81' lang='lat' dir='ltr'>tt</span> 
     </span>
    </p>
   </div>
   <div class='ocr_carea' id='block_1_3' title="bbox 26 1058 969 1145">
    <p class='ocr_par' dir='ltr' id='par_1_6' title="bbox 26 1058 969 1145">
     <span class='ocr_line' id='line_1_8' title="bbox 26 1058 969 1145; baseline 0.002 -23"><span class='ocrx_word' id='word_1_47' title='bbox 26 1094 45 1119; x_wconf 50' lang='grc' dir='ltr'>ψ.</span> <span class='ocrx_word' id='word_1_48' title='bbox 121 1058 190 1145; x_wconf 77' lang='lat' dir='ltr'>Nec</span> <span class='ocrx_word' id='word_1_49' title='bbox 204 1074 304 1122; x_wconf 89' lang='lat' dir='ltr'>tamen</span> <span class='ocrx_word' id='word_1_50' title='bbox 318 1074 363 1123; x_wconf 92' lang='lat' dir='ltr'>est</span> <span class='ocrx_word' id='word_1_51' title='bbox 377 1061 498 1137; x_wconf 85' lang='lat' dir='ltr'>clamor,</span> <span class='ocrx_word' id='word_1_52' title='bbox 513 1061 567 1123; x_wconf 92' lang='lat' dir='ltr'>sed</span> <span class='ocrx_word' id='word_1_53' title='bbox 582 1082 679 1145; x_wconf 82' lang='lat' dir='ltr'>parva</span> <span class='ocrx_word' id='word_1_54' title='bbox 695 1081 850 1123; x_wconf 91' lang='lat' dir='ltr'>murmura</span> <span class='ocrx_word' id='word_1_55' title='bbox 865 1058 969 1124; x_wconf 82' lang='lat' dir='ltr'>vocis:</span> 
     </span>
    </p>
   </div>
   <div class='ocr_carea' id='block_1_4' title="bbox 123 1162 1102 2605">
    <p class='ocr_par' dir='ltr' id='par_1_7' title="bbox 123 1162 864 1249">
     <span class='ocr_line' id='line_1_9' title="bbox 123 1162 864 1249; baseline 0 -23"><span class='ocrx_word' id='word_1_56' title='bbox 123 1162 233 1238; x_wconf 82' lang='lat' dir='ltr'><strong>Qualia</strong></span> <span class='ocrx_word' id='word_1_57' title='bbox 244 1165 282 1228; x_wconf 88' lang='lat' dir='ltr'>de</span> <span class='ocrx_word' id='word_1_58' title='bbox 297 1166 405 1249; x_wconf 83' lang='lat' dir='ltr'>pelagi,</span> <span class='ocrx_word' id='word_1_59' title='bbox 419 1166 442 1228; x_wconf 92' lang='lat' dir='ltr'>si</span> <span class='ocrx_word' id='word_1_60' title='bbox 457 1165 521 1248; x_wconf 90' lang='lat' dir='ltr'>quis</span> <span class='ocrx_word' id='word_1_61' title='bbox 536 1165 639 1247; x_wconf 83' lang='lat' dir='ltr'>procul</span> <span class='ocrx_word' id='word_1_62' title='bbox 654 1165 763 1239; x_wconf 86' lang='lat' dir='ltr'>audiat,</span> <span class='ocrx_word' id='word_1_63' title='bbox 778 1164 864 1226; x_wconf 92' lang='lat' dir='ltr'>undis</span> 
     </span>
    </p>

    <p class='ocr_par' dir='ltr' id='par_1_8' title="bbox 123 1255 1025 1457">
     <span class='ocr_line' id='line_1_10' title="bbox 124 1255 1025 1352; baseline 0.002 -22"><span class='ocrx_word' id='word_1_64' title='bbox 124 1266 202 1331; x_wconf 87' lang='lat' dir='ltr'>Esse</span> <span class='ocrx_word' id='word_1_65' title='bbox 218 1270 333 1332; x_wconf 83' lang='lat' dir='ltr'>solent:</span> <span class='ocrx_word' id='word_1_66' title='bbox 355 1271 510 1352; x_wconf 88' lang='lat' dir='ltr'>qualemve</span> <span class='ocrx_word' id='word_1_67' title='bbox 523 1291 637 1345; x_wconf 91' lang='lat' dir='ltr'>sonum,</span> <span class='ocrx_word' id='word_1_68' title='bbox 653 1269 722 1332; x_wconf 79' lang='lat' dir='ltr'>oiim</span> <span class='ocrx_word' id='word_1_69' title='bbox 737 1267 853 1352; x_wconf 87' lang='lat' dir='ltr'>Jupiter</span> <span class='ocrx_word' id='word_1_70' title='bbox 864 1282 943 1332; x_wconf 81' lang='lat' dir='ltr'>atras</span> <span class='ocrx_word' id='word_1_71' title='bbox 1022 1255 1025 1259; x_wconf 29' lang='lat'>⁸</span> 
     </span>
     <span class='ocr_line' id='line_1_11' title="bbox 123 1371 835 1457; baseline -0.001 -21"><span class='ocrx_word' id='word_1_72' title='bbox 123 1371 273 1457; x_wconf 86' lang='lat' dir='ltr'>Increpuit</span> <span class='ocrx_word' id='word_1_73' title='bbox 286 1376 391 1450; x_wconf 91' lang='lat' dir='ltr'>nubes,</span> <span class='ocrx_word' id='word_1_74' title='bbox 407 1388 541 1437; x_wconf 89' lang='lat' dir='ltr'>extrema</span> <span class='ocrx_word' id='word_1_75' title='bbox 560 1375 685 1437; x_wconf 86' lang='lat' dir='ltr'>tonitrua</span> <span class='ocrx_word' id='word_1_76' title='bbox 699 1373 835 1436; x_wconf 89' lang='lat' dir='ltr'>reddunt.</span> 
     </span>
    </p>

    <p class='ocr_par' dir='ltr' id='par_1_9' title="bbox 125 1479 1097 1668">
     <span class='ocr_line' id='line_1_12' title="bbox 125 1479 1097 1562; baseline 0.002 -21"><span class='ocrx_word' id='word_1_77' title='bbox 125 1479 208 1542; x_wconf 77' lang='lat' dir='ltr'>Atria</span> <span class='ocrx_word' id='word_1_78' title='bbox 222 1480 308 1542; x_wconf 89' lang='lat' dir='ltr'>turba</span> <span class='ocrx_word' id='word_1_79' title='bbox 321 1493 442 1542; x_wconf 88' lang='lat' dir='ltr'>tenent:</span> <span class='ocrx_word' id='word_1_80' title='bbox 464 1479 582 1541; x_wconf 85' lang='lat' dir='ltr'>veniunt</span> <span class='ocrx_word' id='word_1_81' title='bbox 596 1479 661 1541; x_wconf 89' lang='lat' dir='ltr'>leve</span> <span class='ocrx_word' id='word_1_82' title='bbox 676 1479 791 1562; x_wconf 87' lang='lat' dir='ltr'>vulgus,</span> <span class='ocrx_word' id='word_1_83' title='bbox 806 1491 935 1561; x_wconf 85' lang='lat' dir='ltr'>euntque</span> <span class='ocrx_word' id='word_1_84' title='bbox 952 1500 961 1540; x_wconf 76' lang='grc' dir='ltr'><em>τ</em></span> <span class='ocrx_word' id='word_1_85' title='bbox 1062 1483 1097 1543; x_wconf 73' lang='lat' dir='ltr'>li</span> 
     </span>
     <span class='ocr_line' id='line_1_13' title="bbox 125 1582 916 1668; baseline -0.001 -22"><span class='ocrx_word' id='word_1_86' title='bbox 125 1582 279 1668; x_wconf 85' lang='lat' dir='ltr'>Mixtaque</span> <span class='ocrx_word' id='word_1_87' title='bbox 295 1606 364 1647; x_wconf 87' lang='lat' dir='ltr'>oum</span> <span class='ocrx_word' id='word_1_88' title='bbox 378 1585 456 1648; x_wconf 89' lang='lat' dir='ltr'>veris</span> <span class='ocrx_word' id='word_1_89' title='bbox 470 1585 579 1668; x_wconf 91' lang='lat' dir='ltr'>passim</span> <span class='ocrx_word' id='word_1_90' title='bbox 593 1597 761 1648; x_wconf 86' lang='lat' dir='ltr'>commenta</span> <span class='ocrx_word' id='word_1_91' title='bbox 775 1595 916 1665; x_wconf 86' lang='lat' dir='ltr'>vagantur</span> 
     </span>
    </p>

    <p class='ocr_par' dir='ltr' id='par_1_10' title="bbox 124 1686 862 1771">
     <span class='ocr_line' id='line_1_14' title="bbox 124 1686 862 1771; baseline -0.003 -21"><span class='ocrx_word' id='word_1_92' title='bbox 124 1686 219 1750; x_wconf 87' lang='lat' dir='ltr'>Millia</span> <span class='ocrx_word' id='word_1_93' title='bbox 231 1710 401 1751; x_wconf 88' lang='lat' dir='ltr'>rumorum:</span> <span class='ocrx_word' id='word_1_94' title='bbox 424 1688 604 1771; x_wconf 87' lang='lat' dir='ltr'>confusaque</span> <span class='ocrx_word' id='word_1_95' title='bbox 619 1689 709 1751; x_wconf 88' lang='lat' dir='ltr'>verba</span> <span class='ocrx_word' id='word_1_96' title='bbox 723 1688 862 1750; x_wconf 88' lang='lat' dir='ltr'>volutant.</span> 
     </span>
    </p>

    <p class='ocr_par' dir='ltr' id='par_1_11' title="bbox 123 1788 892 1874">
     <span class='ocr_line' id='line_1_15' title="bbox 123 1788 892 1874; baseline 0.001 -22"><span class='ocrx_word' id='word_1_97' title='bbox 123 1788 155 1852; x_wconf 84' lang='lat' dir='ltr'>E</span> <span class='ocrx_word' id='word_1_98' title='bbox 170 1792 274 1874; x_wconf 90' lang='lat' dir='ltr'>quibus</span> <span class='ocrx_word' id='word_1_99' title='bbox 285 1792 315 1852; x_wconf 90' lang='lat' dir='ltr'>hi</span> <span class='ocrx_word' id='word_1_100' title='bbox 329 1812 438 1853; x_wconf 84' lang='lat' dir='ltr'>vacuas</span> <span class='ocrx_word' id='word_1_101' title='bbox 452 1792 574 1874; x_wconf 91' lang='lat' dir='ltr'>implent</span> <span class='ocrx_word' id='word_1_102' title='bbox 588 1791 770 1854; x_wconf 85' lang='lat' dir='ltr'>sermonibus</span> <span class='ocrx_word' id='word_1_103' title='bbox 786 1812 892 1855; x_wconf 81' lang='lat' dir='ltr'>aures:</span> 
     </span>
    </p>

    <p class='ocr_par' dir='ltr' id='par_1_12' title="bbox 124 1892 789 1978">
     <span class='ocr_line' id='line_1_16' title="bbox 124 1892 789 1978; baseline 0.003 -22"><span class='ocrx_word' id='word_1_104' title='bbox 124 1892 167 1956; x_wconf 93' lang='lat' dir='ltr'>Hi</span> <span class='ocrx_word' id='word_1_105' title='bbox 177 1907 293 1957; x_wconf 89' lang='lat' dir='ltr'>narrata</span> <span class='ocrx_word' id='word_1_106' title='bbox 308 1893 404 1957; x_wconf 87' lang='lat' dir='ltr'>ferunt</span> <span class='ocrx_word' id='word_1_107' title='bbox 419 1895 497 1956; x_wconf 78' lang='lat' dir='ltr'>alio:</span> <span class='ocrx_word' id='word_1_108' title='bbox 519 1916 715 1978; x_wconf 89' lang='lat' dir='ltr'>mensuraque</span> <span class='ocrx_word' id='word_1_109' title='bbox 729 1895 789 1958; x_wconf 87' lang='lat' dir='ltr'>ficti</span> 
     </span>
    </p>

    <p class='ocr_par' dir='ltr' id='par_1_13' title="bbox 123 1997 1102 2182">
     <span class='ocr_line' id='line_1_17' title="bbox 124 1997 1102 2084; baseline 0.009 -24"><span class='ocrx_word' id='word_1_110' title='bbox 124 1997 242 2061; x_wconf 85' lang='lat' dir='ltr'>Crescit</span> <span class='ocrx_word' id='word_1_111' title='bbox 254 2019 264 2076; x_wconf 91' lang='lat'>;</span> <span class='ocrx_word' id='word_1_112' title='bbox 285 2012 315 2060; x_wconf 92' lang='lat' dir='ltr'>et</span> <span class='ocrx_word' id='word_1_113' title='bbox 329 1999 433 2061; x_wconf 86' lang='lat' dir='ltr'>auditis</span> <span class='ocrx_word' id='word_1_114' title='bbox 448 1999 555 2079; x_wconf 91' lang='lat' dir='ltr'>aliquid</span> <span class='ocrx_word' id='word_1_115' title='bbox 566 2020 658 2062; x_wconf 91' lang='lat' dir='ltr'>novus</span> <span class='ocrx_word' id='word_1_116' title='bbox 673 1999 772 2084; x_wconf 87' lang='lat' dir='ltr'>adjicit</span> <span class='ocrx_word' id='word_1_117' title='bbox 786 2014 898 2065; x_wconf 85' lang='lat' dir='ltr'>auctor.</span> <span class='ocrx_word' id='word_1_118' title='bbox 1060 2007 1102 2069; x_wconf 74' lang='lat'>20</span> 
     </span>
     <span class='ocr_line' id='line_1_18' title="bbox 123 2101 757 2182; baseline 0.002 -16"><span class='ocrx_word' id='word_1_119' title='bbox 123 2101 187 2166; x_wconf 91' lang='lat' dir='ltr'>lllic</span> <span class='ocrx_word' id='word_1_120' title='bbox 202 2102 380 2181; x_wconf 85' lang='lat' dir='ltr'>Credulitas,</span> <span class='ocrx_word' id='word_1_121' title='bbox 394 2103 453 2168; x_wconf 88' lang='lat' dir='ltr'>illie</span> <span class='ocrx_word' id='word_1_122' title='bbox 468 2105 639 2168; x_wconf 89' lang='lat' dir='ltr'>temerarius</span> <span class='ocrx_word' id='word_1_123' title='bbox 654 2104 757 2182; x_wconf 84' lang='lat' dir='ltr'>Error,</span> 
     </span>
    </p>

    <p class='ocr_par' dir='ltr' id='par_1_14' title="bbox 124 2206 879 2293">
     <span class='ocr_line' id='line_1_19' title="bbox 124 2206 879 2293; baseline 0.005 -23"><span class='ocrx_word' id='word_1_124' title='bbox 124 2206 270 2293; x_wconf 90' lang='lat' dir='ltr'>Vanaque</span> <span class='ocrx_word' id='word_1_125' title='bbox 285 2208 399 2272; x_wconf 85' lang='lat' dir='ltr'>Laetitia</span> <span class='ocrx_word' id='word_1_126' title='bbox 414 2223 467 2286; x_wconf 88' lang='lat' dir='ltr'>est,</span> <span class='ocrx_word' id='word_1_127' title='bbox 483 2211 716 2293; x_wconf 83' lang='lat' dir='ltr'>consternatique</span> <span class='ocrx_word' id='word_1_128' title='bbox 730 2208 879 2288; x_wconf 75' lang='lat' dir='ltr'>Tunores,</span> 
     </span>
    </p>

    <p class='ocr_par' dir='ltr' id='par_1_15' title="bbox 126 2310 872 2399">
     <span class='ocr_line' id='line_1_20' title="bbox 126 2310 872 2399; baseline 0.001 -23"><span class='ocrx_word' id='word_1_129' title='bbox 126 2310 298 2398; x_wconf 79' lang='lat' dir='ltr'>S&#39;editioque</span> <span class='ocrx_word' id='word_1_130' title='bbox 312 2336 428 2399; x_wconf 86' lang='lat' dir='ltr'>repens,</span> <span class='ocrx_word' id='word_1_131' title='bbox 444 2313 591 2399; x_wconf 90' lang='lat' dir='ltr'>dubioque</span> <span class='ocrx_word' id='word_1_132' title='bbox 607 2329 726 2379; x_wconf 84' lang='lat' dir='ltr'>auctore</span> <span class='ocrx_word' id='word_1_133' title='bbox 743 2314 872 2377; x_wconf 86' lang='lat' dir='ltr'>Susurri.</span> 
     </span>
    </p>

    <p class='ocr_par' dir='ltr' id='par_1_16' title="bbox 125 2416 854 2503">
     <span class='ocr_line' id='line_1_21' title="bbox 125 2416 854 2503; baseline 0.003 -23"><span class='ocrx_word' id='word_1_134' title='bbox 125 2416 194 2502; x_wconf 90' lang='lat' dir='ltr'>Ipsa</span> <span class='ocrx_word' id='word_1_135' title='bbox 208 2418 278 2499; x_wconf 91' lang='lat' dir='ltr'>quid</span> <span class='ocrx_word' id='word_1_136' title='bbox 291 2419 321 2478; x_wconf 91' lang='lat' dir='ltr'>in</span> <span class='ocrx_word' id='word_1_137' title='bbox 335 2420 413 2481; x_wconf 85' lang='lat' dir='ltr'>coelo</span> <span class='ocrx_word' id='word_1_138' title='bbox 427 2440 535 2494; x_wconf 89' lang='lat' dir='ltr'>rerum,</span> <span class='ocrx_word' id='word_1_139' title='bbox 550 2421 713 2503; x_wconf 84' lang='lat' dir='ltr'>pelagoque</span> <span class='ocrx_word' id='word_1_140' title='bbox 729 2433 854 2501; x_wconf 87' lang='lat' dir='ltr'>geratur,</span> 
     </span>
    </p>

    <p class='ocr_par' dir='ltr' id='par_1_17' title="bbox 126 2520 1100 2605">
     <span class='ocr_line' id='line_1_22' title="bbox 126 2520 1100 2605; baseline 0.007 -21"><span class='ocrx_word' id='word_1_141' title='bbox 126 2520 169 2585; x_wconf 85' lang='lat' dir='ltr'>Et</span> <span class='ocrx_word' id='word_1_142' title='bbox 182 2520 296 2596; x_wconf 88' lang='lat' dir='ltr'>tellure,</span> <span class='ocrx_word' id='word_1_143' title='bbox 310 2520 400 2594; x_wconf 90' lang='lat' dir='ltr'>videt,</span> <span class='ocrx_word' id='word_1_144' title='bbox 414 2534 566 2602; x_wconf 87' lang='lat' dir='ltr'>totumque</span> <span class='ocrx_word' id='word_1_145' title='bbox 581 2523 697 2605; x_wconf 86' lang='lat' dir='ltr'>inquirit</span> <span class='ocrx_word' id='word_1_146' title='bbox 710 2524 740 2585; x_wconf 92' lang='lat' dir='ltr'>in</span> <span class='ocrx_word' id='word_1_147' title='bbox 753 2525 866 2587; x_wconf 86' lang='lat' dir='ltr'>orbem.</span> <span class='ocrx_word' id='word_1_148' title='bbox 1057 2531 1100 2591; x_wconf 75' lang='lat'>2⁵</span> 
     </span>
    </p>
   </div>
   <div class='ocr_carea' id='block_1_5' title="bbox 162 2674 187 2729">
    <p class='ocr_par' dir='ltr' id='par_1_18' title="bbox 162 2674 187 2729">
     <span class='ocr_line' id='line_1_23' title="bbox 162 2674 187 2729; baseline 0 -50"><span class='ocrx_word' id='word_1_149' title='bbox 162 2674 187 2729; x_wconf 43' lang='grc' dir='ltr'><strong><em>ᾗ</em></strong></span> 
     </span>
    </p>
   </div>
   <div class='ocr_carea' id='block_1_6' title="bbox 0 0 1143 4042">
    <p class='ocr_par' dir='ltr' id='par_1_19' title="bbox 0 0 1143 4042">
     <span class='ocr_line' id='line_1_24' title="bbox 0 0 1143 4042; baseline 0 0"><span class='ocrx_word' id='word_1_150' title='bbox 0 0 1143 4042; x_wconf 95' lang='lat' dir='ltr'> </span> 
     </span>
    </p>
   </div>
  </div>
 </body>
</html>
