<?xml version="1.0" encoding="UTF-8"?>
<!DOCTYPE html PUBLIC "-//W3C//DTD XHTML 1.0 Transitional//EN"
    "http://www.w3.org/TR/xhtml1/DTD/xhtml1-transitional.dtd">
<html xmlns="http://www.w3.org/1999/xhtml" xml:lang="en" lang="en">
 <head>
  <title>
</title>
<meta http-equiv="Content-Type" content="text/html;charset=utf-8" />
  <meta name='ocr-system' content='tesseract 3.04.00' />
  <meta name='ocr-capabilities' content='ocr_page ocr_carea ocr_par ocr_line ocrx_word'/>
</head>
<body>
  <div class='ocr_page' id='page_1' title='image "./excerptaexscrip03ovidgoog_0118.png"; bbox 0 0 2264 4042; ppageno 0'>
   <div class='ocr_carea' id='block_1_1' title="bbox 485 280 669 347">
    <p class='ocr_par' dir='ltr' id='par_1_1' title="bbox 485 280 669 347">
     <span class='ocr_line' id='line_1_1' title="bbox 485 280 669 347; baseline -0.011 0"><span class='ocrx_word' id='word_1_1' title='bbox 485 280 669 347; x_wconf 61' lang='lat' dir='ltr'>mmm.</span> 
     </span>
    </p>
   </div>
   <div class='ocr_carea' id='block_1_2' title="bbox 98 445 1080 3280">
    <p class='ocr_par' dir='ltr' id='par_1_2' title="bbox 101 445 1080 1167">
     <span class='ocr_line' id='line_1_2' title="bbox 147 445 820 535; baseline -0.004 -20"><span class='ocrx_word' id='word_1_2' title='bbox 147 450 212 528; x_wconf 87' lang='lat' dir='ltr'>Ille,</span> <span class='ocrx_word' id='word_1_3' title='bbox 228 470 351 535; x_wconf 83' lang='lat' dir='ltr'>perosus</span> <span class='ocrx_word' id='word_1_4' title='bbox 366 468 448 533; x_wconf 89' lang='lat' dir='ltr'>opes,</span> <span class='ocrx_word' id='word_1_5' title='bbox 464 445 552 512; x_wconf 80' lang='lat' dir='ltr'>silvas</span> <span class='ocrx_word' id='word_1_6' title='bbox 566 460 678 513; x_wconf 82' lang='lat' dir='ltr'>atrurn</span> <span class='ocrx_word' id='word_1_7' title='bbox 692 448 820 526; x_wconf 80' lang='lat' dir='ltr'>nolebat,</span> 
     </span>
     <span class='ocr_line' id='line_1_3' title="bbox 101 554 891 641; baseline -0.008 -19"><span class='ocrx_word' id='word_1_8' title='bbox 101 557 248 641; x_wconf 84' lang='lat' dir='ltr'>Panaque</span> <span class='ocrx_word' id='word_1_9' title='bbox 262 555 405 620; x_wconf 86' lang='lat' dir='ltr'>montanis</span> <span class='ocrx_word' id='word_1_10' title='bbox 419 554 599 617; x_wconf 77' lang='lat' dir='ltr'>habitantem</span> <span class='ocrx_word' id='word_1_11' title='bbox 614 575 732 638; x_wconf 80' lang='lat' dir='ltr'>semper</span> <span class='ocrx_word' id='word_1_12' title='bbox 747 555 776 617; x_wconf 91' lang='lat' dir='ltr'>in</span> <span class='ocrx_word' id='word_1_13' title='bbox 792 554 891 619; x_wconf 85' lang='lat' dir='ltr'><strong>antris.</strong></span> 
     </span>
     <span class='ocr_line' id='line_1_4' title="bbox 102 659 1080 747; baseline -0.004 -21"><span class='ocrx_word' id='word_1_14' title='bbox 102 662 220 747; x_wconf 84' lang='lat' dir='ltr'>Pingue</span> <span class='ocrx_word' id='word_1_15' title='bbox 235 661 290 725; x_wconf 87' lang='lat' dir='ltr'>sed</span> <span class='ocrx_word' id='word_1_16' title='bbox 303 660 453 744; x_wconf 81' lang='lat' dir='ltr'>ingenium</span> <span class='ocrx_word' id='word_1_17' title='bbox 468 659 595 722; x_wconf 86' lang='lat' dir='ltr'>mansit:</span> <span class='ocrx_word' id='word_1_18' title='bbox 616 659 818 744; x_wconf 84' lang='lat' dir='ltr'>nocituraque,</span> <span class='ocrx_word' id='word_1_19' title='bbox 833 673 865 723; x_wconf 91' lang='lat' dir='ltr'>ut</span> <span class='ocrx_word' id='word_1_20' title='bbox 879 659 959 738; x_wconf 70' lang='lat' dir='ltr'>ante,</span> <span class='ocrx_word' id='word_1_21' title='bbox 1038 660 1080 723; x_wconf 80' lang='lat'>60</span> 
     </span>
     <span class='ocr_line' id='line_1_5' title="bbox 102 764 885 848; baseline -0.008 -16"><span class='ocrx_word' id='word_1_22' title='bbox 102 766 222 833; x_wconf 88' lang='lat' dir='ltr'>Rursus</span> <span class='ocrx_word' id='word_1_23' title='bbox 235 779 319 830; x_wconf 87' lang='lat' dir='ltr'>eraut</span> <span class='ocrx_word' id='word_1_24' title='bbox 333 765 454 829; x_wconf 93' lang='lat' dir='ltr'>domino</span> <span class='ocrx_word' id='word_1_25' title='bbox 468 764 578 829; x_wconf 79' lang='lat' dir='ltr'>stolide</span> <span class='ocrx_word' id='word_1_26' title='bbox 594 765 756 848; x_wconf 76' lang='lat' dir='ltr'>precordia</span> <span class='ocrx_word' id='word_1_27' title='bbox 770 766 885 830; x_wconf 90' lang='lat' dir='ltr'>mentis.</span> 
     </span>
     <span class='ocr_line' id='line_1_6' title="bbox 102 870 918 957; baseline -0.005 -18"><span class='ocrx_word' id='word_1_28' title='bbox 102 873 196 951; x_wconf 90' lang='lat' dir='ltr'>Nam,</span> <span class='ocrx_word' id='word_1_29' title='bbox 211 871 285 936; x_wconf 85' lang='lat' dir='ltr'>sreta</span> <span class='ocrx_word' id='word_1_30' title='bbox 300 871 491 957; x_wconf 80' lang='lat' dir='ltr'><strong>prospiciens,</strong></span> <span class='ocrx_word' id='word_1_31' title='bbox 505 870 564 933; x_wconf 76' lang='lat' dir='ltr'>late</span> <span class='ocrx_word' id='word_1_32' title='bbox 578 870 652 952; x_wconf 80' lang='lat' dir='ltr'>riget</span> <span class='ocrx_word' id='word_1_33' title='bbox 664 870 773 933; x_wconf 89' lang='lat' dir='ltr'>arduus</span> <span class='ocrx_word' id='word_1_34' title='bbox 788 870 846 935; x_wconf 86' lang='lat' dir='ltr'>alto</span> <span class='ocrx_word' id='word_1_35' title='bbox 913 871 918 891; x_wconf 76' lang='lat'><strong>¹</strong></span> 
     </span>
     <span class='ocr_line' id='line_1_7' title="bbox 101 976 900 1061; baseline -0.004 -18"><span class='ocrx_word' id='word_1_36' title='bbox 101 978 232 1043; x_wconf 88' lang='lat' dir='ltr'>Tmolus</span> <span class='ocrx_word' id='word_1_37' title='bbox 244 979 275 1041; x_wconf 88' lang='lat' dir='ltr'>in</span> <span class='ocrx_word' id='word_1_38' title='bbox 291 977 448 1052; x_wconf 81' lang='lat' dir='ltr'>adscensu,</span> <span class='ocrx_word' id='word_1_39' title='bbox 462 976 598 1058; x_wconf 85' lang='lat' dir='ltr'>clivoque</span> <span class='ocrx_word' id='word_1_40' title='bbox 614 988 750 1039; x_wconf 84' lang='lat' dir='ltr'>extentus</span> <span class='ocrx_word' id='word_1_41' title='bbox 764 990 900 1061; x_wconf 86' lang='lat' dir='ltr'>utroque,</span> 
     </span>
     <span class='ocr_line' id='line_1_8' title="bbox 103 1080 821 1167; baseline -0.003 -20"><span class='ocrx_word' id='word_1_42' title='bbox 103 1083 248 1147; x_wconf 89' lang='lat' dir='ltr'>Sardibus</span> <span class='ocrx_word' id='word_1_43' title='bbox 262 1082 342 1158; x_wconf 83' lang='lat' dir='ltr'>hine,</span> <span class='ocrx_word' id='word_1_44' title='bbox 353 1081 431 1143; x_wconf 88' lang='lat' dir='ltr'>illinc</span> <span class='ocrx_word' id='word_1_45' title='bbox 445 1080 543 1165; x_wconf 85' lang='lat' dir='ltr'>parvis</span> <span class='ocrx_word' id='word_1_46' title='bbox 556 1081 652 1144; x_wconf 87' lang='lat' dir='ltr'>finitur</span> <span class='ocrx_word' id='word_1_47' title='bbox 668 1080 821 1167; x_wconf 78' lang='lat' dir='ltr'>Hypaepis.</span> 
     </span>
    </p>

    <p class='ocr_par' dir='ltr' id='par_1_3' title="bbox 98 1186 908 1588">
     <span class='ocr_line' id='line_1_9' title="bbox 103 1186 908 1274; baseline 0.001 -22"><span class='ocrx_word' id='word_1_48' title='bbox 103 1188 171 1252; x_wconf 89' lang='lat' dir='ltr'>Pan</span> <span class='ocrx_word' id='word_1_49' title='bbox 185 1188 224 1251; x_wconf 92' lang='lat' dir='ltr'>ibi</span> <span class='ocrx_word' id='word_1_50' title='bbox 240 1188 311 1251; x_wconf 87' lang='lat' dir='ltr'>dum</span> <span class='ocrx_word' id='word_1_51' title='bbox 326 1186 433 1251; x_wconf 87' lang='lat' dir='ltr'>teneris</span> <span class='ocrx_word' id='word_1_52' title='bbox 442 1186 536 1272; x_wconf 83' lang='lat' dir='ltr'>jactat</span> <span class='ocrx_word' id='word_1_53' title='bbox 546 1208 600 1251; x_wconf 88' lang='lat' dir='ltr'>sua</span> <span class='ocrx_word' id='word_1_54' title='bbox 614 1189 746 1252; x_wconf 82' lang='lat' dir='ltr'>earmina</span> <span class='ocrx_word' id='word_1_55' title='bbox 758 1190 908 1274; x_wconf 86' lang='lat' dir='ltr'>nymphis,</span> 
     </span>
     <span class='ocr_line' id='line_1_10' title="bbox 104 1291 839 1375; baseline 0.001 -18"><span class='ocrx_word' id='word_1_56' title='bbox 104 1292 148 1357; x_wconf 84' lang='lat' dir='ltr'>Et</span> <span class='ocrx_word' id='word_1_57' title='bbox 161 1295 226 1357; x_wconf 88' lang='lat' dir='ltr'>leve</span> <span class='ocrx_word' id='word_1_58' title='bbox 241 1291 342 1356; x_wconf 72' lang='lat' dir='ltr'>cerata</span> <span class='ocrx_word' id='word_1_59' title='bbox 355 1292 523 1355; x_wconf 77' lang='lat' dir='ltr'>modulatur</span> <span class='ocrx_word' id='word_1_60' title='bbox 538 1293 679 1356; x_wconf 86' lang='lat' dir='ltr'>anmdine</span> <span class='ocrx_word' id='word_1_61' title='bbox 694 1316 816 1358; x_wconf 81' lang='lat' dir='ltr'>carmen</span> <span class='ocrx_word' id='word_1_62' title='bbox 828 1317 839 1375; x_wconf 79' lang='lat'>3</span> 
     </span>
     <span class='ocr_line' id='line_1_11' title="bbox 101 1393 843 1482; baseline 0 -17"><span class='ocrx_word' id='word_1_63' title='bbox 101 1393 204 1465; x_wconf 71' lang='lat' dir='ltr'>Ausus</span> <span class='ocrx_word' id='word_1_64' title='bbox 217 1398 389 1482; x_wconf 87' lang='lat' dir='ltr'>Apollineos</span> <span class='ocrx_word' id='word_1_65' title='bbox 402 1418 461 1481; x_wconf 83' lang='lat' dir='ltr'>prae</span> <span class='ocrx_word' id='word_1_66' title='bbox 477 1419 510 1460; x_wconf 86' lang='lat' dir='ltr'>se</span> <span class='ocrx_word' id='word_1_67' title='bbox 524 1412 715 1462; x_wconf 72' lang='lat' dir='ltr'>contemnere</span> <span class='ocrx_word' id='word_1_68' title='bbox 729 1415 843 1478; x_wconf 80' lang='lat' dir='ltr'>carnus,</span> 
     </span>
     <span class='ocr_line' id='line_1_12' title="bbox 98 1503 840 1588; baseline 0 -21"><span class='ocrx_word' id='word_1_69' title='bbox 98 1504 212 1573; x_wconf 81' lang='lat' dir='ltr'>Judice</span> <span class='ocrx_word' id='word_1_70' title='bbox 227 1504 281 1567; x_wconf 93' lang='lat' dir='ltr'>sub</span> <span class='ocrx_word' id='word_1_71' title='bbox 296 1503 408 1565; x_wconf 90' lang='lat' dir='ltr'>Tmolo</span> <span class='ocrx_word' id='word_1_72' title='bbox 423 1517 574 1566; x_wconf 87' lang='lat' dir='ltr'>certamen</span> <span class='ocrx_word' id='word_1_73' title='bbox 589 1504 669 1565; x_wconf 90' lang='lat' dir='ltr'>venit</span> <span class='ocrx_word' id='word_1_74' title='bbox 682 1505 721 1565; x_wconf 90' lang='lat' dir='ltr'>ad</span> <span class='ocrx_word' id='word_1_75' title='bbox 735 1505 840 1588; x_wconf 83' lang='lat' dir='ltr'>irnpar.</span> 
     </span>
    </p>

    <p class='ocr_par' dir='ltr' id='par_1_4' title="bbox 101 1608 971 3177">
     <span class='ocr_line' id='line_1_13' title="bbox 145 1608 867 1691; baseline 0.001 -18"><span class='ocrx_word' id='word_1_76' title='bbox 145 1610 250 1673; x_wconf 84' lang='lat' dir='ltr'>Monte</span> <span class='ocrx_word' id='word_1_77' title='bbox 266 1631 321 1672; x_wconf 91' lang='lat' dir='ltr'>suo</span> <span class='ocrx_word' id='word_1_78' title='bbox 336 1609 432 1670; x_wconf 87' lang='lat' dir='ltr'>senior</span> <span class='ocrx_word' id='word_1_79' title='bbox 449 1608 546 1691; x_wconf 85' lang='lat' dir='ltr'>judex</span> <span class='ocrx_word' id='word_1_80' title='bbox 561 1609 715 1687; x_wconf 83' lang='lat' dir='ltr'>consedit3</span> <span class='ocrx_word' id='word_1_81' title='bbox 738 1625 768 1673; x_wconf 88' lang='lat' dir='ltr'>et</span> <span class='ocrx_word' id='word_1_82' title='bbox 781 1630 867 1674; x_wconf 85' lang='lat' dir='ltr'>aures</span> 
     </span>
     <span class='ocr_line' id='line_1_14' title="bbox 102 1711 922 1786; baseline 0 -5"><span class='ocrx_word' id='word_1_83' title='bbox 102 1716 227 1781; x_wconf 87' lang='lat' dir='ltr'>Liberat</span> <span class='ocrx_word' id='word_1_84' title='bbox 242 1715 403 1777; x_wconf 83' lang='lat' dir='ltr'>arboribus.</span> <span class='ocrx_word' id='word_1_85' title='bbox 448 1711 573 1786; x_wconf 82' lang='lat' dir='ltr'>Quercu</span> <span class='ocrx_word' id='word_1_86' title='bbox 588 1734 675 1776; x_wconf 85' lang='lat' dir='ltr'>soma</span> <span class='ocrx_word' id='word_1_87' title='bbox 689 1715 796 1779; x_wconf 76' lang='lat' dir='ltr'>cerula</span> <span class='ocrx_word' id='word_1_88' title='bbox 810 1716 922 1781; x_wconf 81' lang='lat' dir='ltr'>tannim</span> 
     </span>
     <span class='ocr_line' id='line_1_15' title="bbox 102 1819 971 1908; baseline 0 -22"><span class='ocrx_word' id='word_1_89' title='bbox 102 1821 239 1905; x_wconf 79' lang='lat' dir='ltr'>Cingitur</span> <span class='ocrx_word' id='word_1_90' title='bbox 251 1843 261 1900; x_wconf 84' lang='lat'><em>3</em></span> <span class='ocrx_word' id='word_1_91' title='bbox 284 1834 313 1882; x_wconf 84' lang='lat' dir='ltr'>et</span> <span class='ocrx_word' id='word_1_92' title='bbox 327 1820 458 1904; x_wconf 86' lang='lat' dir='ltr'>pendent</span> <span class='ocrx_word' id='word_1_93' title='bbox 471 1819 584 1883; x_wconf 82' lang='lat' dir='ltr'>circum</span> <span class='ocrx_word' id='word_1_94' title='bbox 599 1842 675 1885; x_wconf 74' lang='lat' dir='ltr'>aava</span> <span class='ocrx_word' id='word_1_95' title='bbox 689 1835 823 1906; x_wconf 84' lang='lat' dir='ltr'>tempora</span> <span class='ocrx_word' id='word_1_96' title='bbox 838 1824 971 1908; x_wconf 76' lang='lat' dir='ltr'>glandes.</span> 
     </span>
     <span class='ocr_line' id='line_1_16' title="bbox 101 1925 897 2013; baseline 0.003 -22"><span class='ocrx_word' id='word_1_97' title='bbox 101 1926 193 2012; x_wconf 88' lang='lat' dir='ltr'>lsque</span> <span class='ocrx_word' id='word_1_98' title='bbox 209 1927 299 1989; x_wconf 89' lang='lat' dir='ltr'>deum</span> <span class='ocrx_word' id='word_1_99' title='bbox 314 1925 431 2009; x_wconf 57' lang='lat' dir='ltr'>mebris</span> <span class='ocrx_word' id='word_1_100' title='bbox 444 1941 592 2010; x_wconf 81' lang='lat' dir='ltr'>spectans,</span> <span class='ocrx_word' id='word_1_101' title='bbox 608 1926 662 1989; x_wconf 88' lang='lat' dir='ltr'>‘ln</span> <span class='ocrx_word' id='word_1_102' title='bbox 672 1927 798 2013; x_wconf 86' lang='lat' dir='ltr'>judice,&#39;</span> <span class='ocrx_word' id='word_1_103' title='bbox 814 1930 897 2007; x_wconf 85' lang='lat' dir='ltr'>dixit,</span> 
     </span>
     <span class='ocr_line' id='line_1_17' title="bbox 105 2031 969 2115; baseline 0 -16"><span class='ocrx_word' id='word_1_104' title='bbox 105 2032 220 2099; x_wconf 89' lang='lat' dir='ltr'>‘Nulla</span> <span class='ocrx_word' id='word_1_105' title='bbox 235 2033 406 2095; x_wconf 61' lang='lat' dir='ltr'>mora-est).</span> <span class='ocrx_word' id='word_1_106' title='bbox 442 2031 577 2096; x_wconf 85' lang='lat' dir='ltr'>Calamis</span> <span class='ocrx_word' id='word_1_107' title='bbox 593 2036 754 2115; x_wconf 84' lang='lat' dir='ltr'>agrestibus</span> <span class='ocrx_word' id='word_1_108' title='bbox 769 2035 884 2098; x_wconf 88' lang='lat' dir='ltr'>insonat</span> <span class='ocrx_word' id='word_1_109' title='bbox 897 2036 969 2099; x_wconf 80' lang='lat' dir='ltr'>ille:</span> 
     </span>
     <span class='ocr_line' id='line_1_18' title="bbox 101 2137 899 2225; baseline -0.001 -21"><span class='ocrx_word' id='word_1_110' title='bbox 101 2138 325 2222; x_wconf 86' lang='lat' dir='ltr'>Barbaricoque</span> <span class='ocrx_word' id='word_1_111' title='bbox 341 2137 445 2201; x_wconf 83' lang='lat' dir='ltr'>Midan</span> <span class='ocrx_word' id='word_1_112' title='bbox 462 2137 580 2219; x_wconf 87' lang='lat' dir='ltr'>(aderat</span> <span class='ocrx_word' id='word_1_113' title='bbox 594 2160 663 2200; x_wconf 90' lang='lat' dir='ltr'>nam</span> <span class='ocrx_word' id='word_1_114' title='bbox 678 2137 752 2202; x_wconf 75' lang='lat' dir='ltr'>forte</span> <span class='ocrx_word' id='word_1_115' title='bbox 768 2141 899 2225; x_wconf 85' lang='lat' dir='ltr'>canenti)</span> 
     </span>
     <span class='ocr_line' id='line_1_19' title="bbox 104 2243 885 2309; baseline -0.003 0"><span class='ocrx_word' id='word_1_116' title='bbox 104 2244 247 2309; x_wconf 89' lang='lat' dir='ltr'>Carmine</span> <span class='ocrx_word' id='word_1_117' title='bbox 263 2245 374 2307; x_wconf 87' lang='lat' dir='ltr'>delinit.</span> <span class='ocrx_word' id='word_1_118' title='bbox 420 2243 494 2306; x_wconf 89' lang='lat' dir='ltr'>Post</span> <span class='ocrx_word' id='word_1_119' title='bbox 508 2244 588 2306; x_wconf 86' lang='lat' dir='ltr'>huns</span> <span class='ocrx_word' id='word_1_120' title='bbox 604 2265 689 2306; x_wconf 89' lang='lat' dir='ltr'>sacer</span> <span class='ocrx_word' id='word_1_121' title='bbox 704 2267 757 2306; x_wconf 89' lang='lat' dir='ltr'>ora</span> <span class='ocrx_word' id='word_1_122' title='bbox 771 2245 885 2307; x_wconf 91' lang='lat' dir='ltr'>retorsit</span> 
     </span>
     <span class='ocr_line' id='line_1_20' title="bbox 101 2349 951 2416; baseline 0 -3"><span class='ocrx_word' id='word_1_123' title='bbox 101 2350 231 2414; x_wconf 91' lang='lat' dir='ltr'>Tmolus</span> <span class='ocrx_word' id='word_1_124' title='bbox 246 2351 284 2413; x_wconf 87' lang='lat' dir='ltr'>ad</span> <span class='ocrx_word' id='word_1_125' title='bbox 299 2371 334 2413; x_wconf 88' lang='lat' dir='ltr'>os</span> <span class='ocrx_word' id='word_1_126' title='bbox 348 2349 477 2412; x_wconf 90' lang='lat' dir='ltr'>Phoebi:</span> <span class='ocrx_word' id='word_1_127' title='bbox 498 2349 611 2411; x_wconf 86' lang='lat' dir='ltr'>vultum</span> <span class='ocrx_word' id='word_1_128' title='bbox 627 2369 678 2411; x_wconf 86' lang='lat' dir='ltr'>sua</span> <span class='ocrx_word' id='word_1_129' title='bbox 695 2349 766 2411; x_wconf 89' lang='lat' dir='ltr'>silva</span> <span class='ocrx_word' id='word_1_130' title='bbox 779 2365 883 2414; x_wconf 86' lang='lat' dir='ltr'>secuta</span> <span class='ocrx_word' id='word_1_131' title='bbox 897 2365 951 2416; x_wconf 89' lang='lat' dir='ltr'>est.</span> 
     </span>
     <span class='ocr_line' id='line_1_21' title="bbox 101 2451 805 2541; baseline -0.004 -20"><span class='ocrx_word' id='word_1_132' title='bbox 101 2454 158 2521; x_wconf 91' lang='lat' dir='ltr'>Ille</span> <span class='ocrx_word' id='word_1_133' title='bbox 173 2471 262 2541; x_wconf 86' lang='lat' dir='ltr'>capnt</span> <span class='ocrx_word' id='word_1_134' title='bbox 277 2455 386 2517; x_wconf 86' lang='lat' dir='ltr'>flavum</span> <span class='ocrx_word' id='word_1_135' title='bbox 401 2454 483 2515; x_wconf 88' lang='lat' dir='ltr'>lauro</span> <span class='ocrx_word' id='word_1_136' title='bbox 498 2451 677 2516; x_wconf 89' lang='lat' dir='ltr'>Pamasside</span> <span class='ocrx_word' id='word_1_137' title='bbox 692 2454 805 2518; x_wconf 85' lang='lat' dir='ltr'>vinctus</span> 
     </span>
     <span class='ocr_line' id='line_1_22' title="bbox 103 2558 838 2646; baseline 0 -21"><span class='ocrx_word' id='word_1_138' title='bbox 103 2561 205 2625; x_wconf 88' lang='lat' dir='ltr'>Verrit</span> <span class='ocrx_word' id='word_1_139' title='bbox 218 2563 343 2624; x_wconf 90' lang='lat' dir='ltr'>humum</span> <span class='ocrx_word' id='word_1_140' title='bbox 358 2558 453 2644; x_wconf 87' lang='lat' dir='ltr'>Tyrio</span> <span class='ocrx_word' id='word_1_141' title='bbox 468 2558 596 2622; x_wconf 76' lang='lat' dir='ltr'>saturatis</span> <span class='ocrx_word' id='word_1_142' title='bbox 610 2561 723 2623; x_wconf 88' lang='lat' dir='ltr'>murice</span> <span class='ocrx_word' id='word_1_143' title='bbox 738 2560 838 2646; x_wconf 75' lang='lat' dir='ltr'>pallia:</span> 
     </span>
     <span class='ocr_line' id='line_1_23' title="bbox 102 2661 877 2751; baseline 0.003 -20"><span class='ocrx_word' id='word_1_144' title='bbox 102 2667 341 2751; x_wconf 81' lang='lat' dir='ltr'>instructamque</span> <span class='ocrx_word' id='word_1_145' title='bbox 355 2661 447 2728; x_wconf 87' lang='lat' dir='ltr'>fidem</span> <span class='ocrx_word' id='word_1_146' title='bbox 461 2664 587 2749; x_wconf 82' lang='lat' dir='ltr'>gemmis</span> <span class='ocrx_word' id='word_1_147' title='bbox 602 2680 632 2730; x_wconf 84' lang='lat' dir='ltr'>et</span> <span class='ocrx_word' id='word_1_148' title='bbox 646 2666 782 2732; x_wconf 87' lang='lat' dir='ltr'>dentibus</span> <span class='ocrx_word' id='word_1_149' title='bbox 797 2666 877 2733; x_wconf 90' lang='lat' dir='ltr'>lodis</span> 
     </span>
     <span class='ocr_line' id='line_1_24' title="bbox 102 2770 877 2859; baseline -0.004 -19"><span class='ocrx_word' id='word_1_150' title='bbox 102 2773 235 2840; x_wconf 78' lang='lat' dir='ltr'>Sustinet</span> <span class='ocrx_word' id='word_1_151' title='bbox 249 2795 268 2836; x_wconf 89' lang='lat' dir='ltr'>a</span> <span class='ocrx_word' id='word_1_152' title='bbox 281 2770 373 2835; x_wconf 74' lang='lat' dir='ltr'>leva:</span> <span class='ocrx_word' id='word_1_153' title='bbox 393 2771 486 2834; x_wconf 89' lang='lat' dir='ltr'>tenuit</span> <span class='ocrx_word' id='word_1_154' title='bbox 496 2792 602 2835; x_wconf 87' lang='lat' dir='ltr'>manus</span> <span class='ocrx_word' id='word_1_155' title='bbox 617 2772 707 2837; x_wconf 86' lang='lat' dir='ltr'>altera</span> <span class='ocrx_word' id='word_1_156' title='bbox 721 2776 877 2859; x_wconf 75' lang='lat' dir='ltr'>pleonum.</span> 
     </span>
     <span class='ocr_line' id='line_1_25' title="bbox 101 2876 867 2962; baseline -0.001 -15"><span class='ocrx_word' id='word_1_157' title='bbox 101 2881 234 2947; x_wconf 84' lang='lat' dir='ltr'>Artificis</span> <span class='ocrx_word' id='word_1_158' title='bbox 247 2891 338 2944; x_wconf 87' lang='lat' dir='ltr'>status</span> <span class='ocrx_word' id='word_1_159' title='bbox 352 2878 416 2962; x_wconf 88' lang='lat' dir='ltr'>ipse</span> <span class='ocrx_word' id='word_1_160' title='bbox 431 2876 493 2941; x_wconf 74' lang='lat' dir='ltr'>fida</span> <span class='ocrx_word' id='word_1_161' title='bbox 537 2877 620 2942; x_wconf 90' lang='lat' dir='ltr'>Tum</span> <span class='ocrx_word' id='word_1_162' title='bbox 636 2881 760 2944; x_wconf 85' lang='lat' dir='ltr'>stamina</span> <span class='ocrx_word' id='word_1_163' title='bbox 778 2882 867 2946; x_wconf 85' lang='lat' dir='ltr'>docto</span> 
     </span>
     <span class='ocr_line' id='line_1_26' title="bbox 102 2983 827 3070; baseline -0.001 -19"><span class='ocrx_word' id='word_1_164' title='bbox 102 2986 219 3051; x_wconf 87' lang='lat' dir='ltr'>Pollice</span> <span class='ocrx_word' id='word_1_165' title='bbox 234 2984 388 3051; x_wconf 81' lang='lat' dir='ltr'>sollicitat:</span> <span class='ocrx_word' id='word_1_166' title='bbox 411 3004 535 3067; x_wconf 90' lang='lat' dir='ltr'>quorum</span> <span class='ocrx_word' id='word_1_167' title='bbox 550 2983 708 3049; x_wconf 85' lang='lat' dir='ltr'>dulcedine</span> <span class='ocrx_word' id='word_1_168' title='bbox 722 3001 827 3070; x_wconf 87' lang='lat' dir='ltr'>eaptus</span> 
     </span>
     <span class='ocr_line' id='line_1_27' title="bbox 102 3088 883 3177; baseline -0.004 -20"><span class='ocrx_word' id='word_1_169' title='bbox 102 3091 190 3157; x_wconf 88' lang='lat' dir='ltr'>Pana</span> <span class='ocrx_word' id='word_1_170' title='bbox 199 3091 286 3177; x_wconf 88' lang='lat' dir='ltr'>jubet</span> <span class='ocrx_word' id='word_1_171' title='bbox 298 3088 428 3153; x_wconf 87' lang='lat' dir='ltr'>Tmolus</span> <span class='ocrx_word' id='word_1_172' title='bbox 441 3089 560 3153; x_wconf 80' lang='lat' dir='ltr'>cithare</span> <span class='ocrx_word' id='word_1_173' title='bbox 576 3089 746 3153; x_wconf 89' lang='lat' dir='ltr'>submittere</span> <span class='ocrx_word' id='word_1_174' title='bbox 761 3108 883 3156; x_wconf 77' lang='lat' dir='ltr'>eanum.</span> 
     </span>
    </p>

    <p class='ocr_par' dir='ltr' id='par_1_5' title="bbox 145 3195 853 3280">
     <span class='ocr_line' id='line_1_28' title="bbox 145 3195 853 3280; baseline -0.003 -13"><span class='ocrx_word' id='word_1_175' title='bbox 145 3198 166 3267; x_wconf 80' lang='lat' dir='ltr'>J</span> <span class='ocrx_word' id='word_1_176' title='bbox 168 3198 297 3263; x_wconf 84' lang='lat' dir='ltr'>odicium</span> <span class='ocrx_word' id='word_1_177' title='bbox 312 3195 464 3280; x_wconf 72' lang='lat' dir='ltr'>sensuque</span> <span class='ocrx_word' id='word_1_178' title='bbox 477 3196 577 3280; x_wconf 83' lang='lat' dir='ltr'>placet</span> <span class='ocrx_word' id='word_1_179' title='bbox 590 3196 733 3261; x_wconf 86' lang='lat' dir='ltr'>sententia</span> <span class='ocrx_word' id='word_1_180' title='bbox 746 3197 853 3265; x_wconf 85' lang='lat' dir='ltr'>montis</span> 
     </span>
    </p>
   </div>
   <div class='ocr_carea' id='block_1_3' title="bbox 86 3302 947 3827">
    <p class='ocr_par' dir='ltr' id='par_1_6' title="bbox 103 3302 931 3604">
     <span class='ocr_line' id='line_1_29' title="bbox 103 3302 931 3391; baseline 0.002 -21"><span class='ocrx_word' id='word_1_181' title='bbox 103 3304 263 3370; x_wconf 91' lang='lat' dir='ltr'>Omnibus.</span> <span class='ocrx_word' id='word_1_182' title='bbox 308 3302 448 3387; x_wconf 76' lang='lat' dir='ltr'>Arguitur</span> <span class='ocrx_word' id='word_1_183' title='bbox 461 3316 574 3380; x_wconf 75' lang='lat' dir='ltr'>umen,</span> <span class='ocrx_word' id='word_1_184' title='bbox 588 3316 677 3391; x_wconf 88' lang='lat' dir='ltr'>atque</span> <span class='ocrx_word' id='word_1_185' title='bbox 690 3303 797 3391; x_wconf 87' lang='lat' dir='ltr'>injusta</span> <span class='ocrx_word' id='word_1_186' title='bbox 810 3320 931 3372; x_wconf 86' lang='lat' dir='ltr'>vocatur</span> 
     </span>
     <span class='ocr_line' id='line_1_30' title="bbox 104 3408 806 3476; baseline -0.001 0"><span class='ocrx_word' id='word_1_187' title='bbox 104 3408 202 3476; x_wconf 89' lang='lat' dir='ltr'>Unius</span> <span class='ocrx_word' id='word_1_188' title='bbox 216 3432 353 3475; x_wconf 88' lang='lat' dir='ltr'>sermone</span> <span class='ocrx_word' id='word_1_189' title='bbox 367 3409 469 3475; x_wconf 72' lang='lat' dir='ltr'>Midae.</span> <span class='ocrx_word' id='word_1_190' title='bbox 515 3408 547 3474; x_wconf 94' lang='lat' dir='ltr'><strong>N</strong></span> <span class='ocrx_word' id='word_1_191' title='bbox 548 3430 584 3473; x_wconf 85' lang='lat' dir='ltr'>ee</span> <span class='ocrx_word' id='word_1_192' title='bbox 598 3408 705 3474; x_wconf 89' lang='lat' dir='ltr'>Delius</span> <span class='ocrx_word' id='word_1_193' title='bbox 720 3432 806 3475; x_wconf 85' lang='lat' dir='ltr'>aures</span> 
     </span>
     <span class='ocr_line' id='line_1_31' title="bbox 104 3508 834 3604; baseline 0 -21"><span class='ocrx_word' id='word_1_194' title='bbox 104 3508 280 3583; x_wconf 85' lang='lat' dir='ltr'>Humanam</span> <span class='ocrx_word' id='word_1_195' title='bbox 295 3516 415 3581; x_wconf 84' lang='lat' dir='ltr'>stolidas</span> <span class='ocrx_word' id='word_1_196' title='bbox 427 3517 534 3603; x_wconf 81' lang='lat' dir='ltr'>patitur</span> <span class='ocrx_word' id='word_1_197' title='bbox 548 3517 673 3583; x_wconf 88' lang='lat' dir='ltr'>retinere</span> <span class='ocrx_word' id='word_1_198' title='bbox 688 3518 834 3604; x_wconf 68' lang='lat' dir='ltr'>liguram</span> 
     </span>
    </p>

    <p class='ocr_par' dir='ltr' id='par_1_7' title="bbox 86 3622 947 3827">
     <span class='ocr_line' id='line_1_32' title="bbox 106 3622 947 3714; baseline 0.005 -26"><span class='ocrx_word' id='word_1_199' title='bbox 106 3622 172 3688; x_wconf 89' lang='lat' dir='ltr'>Sed</span> <span class='ocrx_word' id='word_1_200' title='bbox 185 3623 272 3687; x_wconf 85' lang='lat' dir='ltr'>trabit</span> <span class='ocrx_word' id='word_1_201' title='bbox 283 3623 314 3687; x_wconf 87' lang='lat' dir='ltr'>in</span> <span class='ocrx_word' id='word_1_202' title='bbox 327 3622 464 3708; x_wconf 67' lang='lat' dir='ltr'>marimo,</span> <span class='ocrx_word' id='word_1_203' title='bbox 479 3624 612 3714; x_wconf 86' lang='lat' dir='ltr'>villisque</span> <span class='ocrx_word' id='word_1_204' title='bbox 628 3625 800 3695; x_wconf 84' lang='lat' dir='ltr'>albentibus</span> <span class='ocrx_word' id='word_1_205' title='bbox 810 3628 947 3714; x_wconf 50' lang='lat' dir='ltr'>imolas}</span> 
     </span>
     <span class='ocr_line' id='line_1_33' title="bbox 86 3725 884 3827; baseline 0.005 -33"><span class='ocrx_word' id='word_1_206' title='bbox 86 3725 304 3813; x_wconf 59' lang='lat' dir='ltr'>mediasque</span> <span class='ocrx_word' id='word_1_207' title='bbox 317 3729 382 3795; x_wconf 86' lang='lat' dir='ltr'>imo</span> <span class='ocrx_word' id='word_1_208' title='bbox 394 3729 492 3816; x_wconf 76' lang='lat' dir='ltr'>sacit3</span> <span class='ocrx_word' id='word_1_209' title='bbox 515 3749 548 3802; x_wconf 85' lang='lat' dir='ltr'>et</span> <span class='ocrx_word' id='word_1_210' title='bbox 563 3736 619 3805; x_wconf 86' lang='lat' dir='ltr'>dat</span> <span class='ocrx_word' id='word_1_211' title='bbox 632 3760 731 3827; x_wconf 83' lang='lat' dir='ltr'>posse</span> <span class='ocrx_word' id='word_1_212' title='bbox 745 3736 884 3805; x_wconf 75' lang='lat' dir='ltr'>moveri.</span> 
     </span>
    </p>
   </div>
   <div class='ocr_carea' id='block_1_4' title="bbox 0 0 1145 4042">
    <p class='ocr_par' dir='ltr' id='par_1_8' title="bbox 0 0 1145 4042">
     <span class='ocr_line' id='line_1_34' title="bbox 0 0 1145 4042; baseline 0 0"><span class='ocrx_word' id='word_1_213' title='bbox 0 0 1145 4042; x_wconf 95' lang='lat' dir='ltr'> </span> 
     </span>
    </p>
   </div>
  </div>
 </body>
</html>
