2264 4042
119 246 179 308 148
311 304 315 309 ,
423 246 801 304 METAMORPHOSEON

281 480 394 547 snmus
410 506 520 549 ossan
533 508 568 550 m
583 508 737 550 conarer
754 508 913 550 nornros.

538 676 568 716 v.
586 658 659 716 746.

150 818 254 883 Cesar
268 822 298 883 in
311 820 396 886 Urbe
411 823 466 886 sud
480 824 554 887 deus
569 837 635 887 est:
650 844 739 907 quem
754 822 851 886 Marte
868 821 1000 906 tegique

105 923 306 1010 Praecipuum,
321 950 380 991 non
394 930 472 992 bella
485 927 578 1012 magis
592 930 673 991 finita
687 928 850 1011 triumphis,
1021 933 1084 991 20⁰

105 1030 230 1116 Resque
246 1034 327 1096 dorni
342 1049 441 1117 gestae,
457 1050 671 1118 properataque
688 1035 778 1117 gloria
792 1055 892 1096 rerum

103 1136 138 1200 In
154 1139 236 1202 sidus
250 1140 366 1202 vertere
381 1162 501 1216 novum,
517 1141 689 1222 stellamque
713 1154 892 1217 comantem,

104 1243 207 1318 Quam
222 1268 274 1309 sua
289 1246 455 1330 progenies.
501 1246 610 1328 Neque
626 1245 705 1307 enim
720 1245 758 1307 de
773 1245 902 1309 Caesaris
924 1245 999 1309 actis

101 1348 204 1414 Ullum
219 1351 316 1436 majus
330 1374 415 1435 opus,
432 1351 521 1436 quarn
536 1351 616 1436 qudd
632 1365 715 1434 pater
731 1351 839 1414 exstitit
858 1351 955 1435 hujus.

102 1455 223 1520 Scilicet
238 1479 391 1541 aequoreos
405 1458 471 1541 plus
486 1472 531 1520 est
546 1458 694 1520 domuisse
711 1457 880 1535 BritannoS,
1021 1464 1086 1521 205¹

101 1561 222 1648 Perque
238 1564 397 1649 papyriferi
414 1564 589 1649 septemflua
604 1564 724 1626 flumina
745 1563 805 1626 Nili

100 1666 247 1732 Victrices
263 1672 358 1754 egisse
374 1686 462 1746 rates,
480 1670 686 1753 Numidasque
701 1670 838 1745 rebelles,

99 1769 340 1859 Cinyphiumque
355 1774 475 1850 Jubam,
491 1774 745 1856 Mithridateisque
759 1788 923 1837 tumentem

98 1875 276 1940 Nominibus
291 1877 431 1953 Pontum,
446 1878 556 1961 populo
572 1878 715 1963 adjecisse
738 1877 866 1956 Quirini,

98 1981 140 2046 Et
155 1983 262 2046 multos
277 1984 430 2060 meruisse,
447 1984 559 2068 aliquos
574 1984 669 2067 egisse
685 1985 857 2069 triumphos,
1019 1994 1084 2053 210

98 2087 201 2162 Quam
215 2103 329 2153 tantum
345 2091 481 2174 genuisse
497 2091 603 2167 virum,
620 2111 678 2182 quo
694 2091 817 2174 preside
833 2103 933 2155 rerum

96 2193 239 2259 Humano
254 2198 366 2280 generi,
382 2197 491 2281 superi,
507 2197 624 2260 cavistis
640 2198 769 2260 abunde.

96 2301 147 2365 Ne
163 2302 237 2366 soret
252 2304 301 2366 hic
316 2305 402 2388 igitur
415 2304 531 2370 mortali
546 2305 659 2367 semine
675 2321 782 2380 cretus,

95 2406 148 2471 Ille
158 2409 233 2470 deus
248 2409 403 2471 faciendus
419 2426 492 2474 erat.
538 2409 631 2484 Quod
647 2425 679 2473 ut
694 2433 784 2473 aurea
793 2411 864 2474 vidit

96 2512 201 2576 AEneae
217 2513 344 2595 genitrix
356 2535 366 2591 3
380 2515 452 2575 vidit
467 2535 585 2596 qnoque
601 2516 681 2577 triste
703 2518 800 2598 parari
1014 2527 1078 2584 215

97 2615 234 2679 Pontifici
249 2618 351 2692 letum,
367 2633 397 2679 et
412 2618 563 2702 conjurata
579 2640 661 2680 arma
676 2624 799 2684 moveri.

97 2719 228 2795 Palluit:
243 2735 274 2783 et
287 2723 411 2802 cunctis,
422 2737 454 2786 ut
468 2724 575 2806 cuique
591 2738 654 2787 erat
668 2726 764 2803 obvia,
780 2729 864 2806 divis,

99 2825 273 2911 ‘Adspiee,’
289 2827 418 2904 dicebat,
436 2830 564 2912 ‘quantit
578 2831 649 2892 mihi
665 2833 742 2896 mole
759 2851 899 2918 parentur

95 2930 210 2997 Insidiae
224 2956 232 2995 ε
248 2933 414 3020 quantique
430 2950 519 3019 caput
533 2958 603 2998 cnm
618 2936 722 3001 fraude
737 2955 877 3023 petatur,

97 3038 190 3116 Quod
205 3041 244 3104 de
259 3041 414 3106 Dardanio
429 3044 524 3106 solum
539 3044 609 3106 mihi
625 3059 715 3108 restat
723 3045 796 3108 liilo.
1012 3056 1075 3114 220

97 3146 207 3211 Solane
223 3170 341 3231 semper
356 3171 406 3211 ero
416 3149 502 3233 justis
517 3152 649 3213 exercita
663 3151 765 3214 curis?

47 3256 53 3267 ‘
97 3251 201 3326 Quam
216 3253 306 3315 modo
321 3252 448 3335 Tydidae
465 3255 632 3339 Calydonia
646 3258 779 3318 vulneret
793 3259 886 3336 hasta,

96 3356 188 3421 Nunc
203 3357 280 3419 male
297 3356 424 3421 desensae
440 3359 621 3423 confundant
635 3360 744 3422 moenia
758 3361 857 3449 Trojoe
873 3389 881 3427 r

98 3461 175 3536 Quae
190 3462 309 3525 videam
323 3478 423 3526 natum
438 3465 531 3546 longis
547 3464 691 3526 erroribus
707 3481 816 3545 actum,

88 3568 265 3653 laetarique
280 3567 366 3645 freto,
382 3570 528 3653 sedesque
544 3570 650 3631 intrare
671 3570 815 3650 silonuim,
1009 3584 1069 3642 225

67 3673 228 3766 Bellaque
245 3700 319 3743 cnm
337 3676 449 3746 Turno
464 3697 586 3765 gerere,
601 3689 664 3751 aut,
677 3676 703 3738 si
715 3699 791 3738 uera
801 3677 943 3743 latemur,
987 3732 992 3740 .
