2264 4042
67 279 109 337 44
373 229 751 324 nerinonrnosnon

68 429 120 493 De
134 427 227 492 modii
241 426 338 511 viginti
355 423 411 511 (tot
424 425 503 490 enim
517 424 587 488 ratis
600 424 649 488 ille
663 419 791 507 serebat)

69 534 233 598 Restabam
248 532 337 596 solus.
382 530 542 609 Pavidum,
555 529 745 614 gelidumque
759 522 895 591 trementi

69 638 215 723 Corpore,
229 637 338 722 vixque
353 658 456 702 meum
469 637 567 700 firmat
581 635 666 711 deus,
682 640 703 672 ‘⁶
716 632 847 709 Excute,
859 631 878 662 ’⁹
892 631 1009 708 dicens,

70 753 88 783 “
101 743 204 808 Corde
217 758 341 822 metum,
355 743 507 829 Diamque
522 741 623 807 tene.'’
666 739 793 804 Delatus
807 736 942 813 inillam,

70 850 213 913 ,locensis
228 850 295 928 aris,
310 848 465 915 Baccheia
479 870 565 913 soora
579 846 743 932 frequento.
755 846 763 875 '
980 844 1047 903 275

340 1112 781 1124 Ἣ...

455 1332 595 1399 LIBER
616 1332 670 1398 lV.

321 1612 441 1655 Pxnnnt
464 1612 507 1654 ET
530 1610 668 1654 'rfflsnns
691 1609 786 1652 MORS.

500 1820 531 1861 v.
556 1803 608 1862 55.

72 1945 219 2030 Pyramus
234 1957 264 2008 et
277 1942 402 2019 Thisbe,
412 1941 556 2028 juvenum
570 1942 784 2028 pulcherrimus
800 1943 881 2021 alter,

72 2053 185 2128 Altera,
201 2073 275 2136 quas
290 2048 398 2113 Oriens
412 2048 522 2126 habuit,
537 2049 657 2133 praelata
671 2049 786 2134 puellis,
813 2108 816 2113 .

72 2156 235 2242 Contiguas
249 2155 371 2220 tenuere
386 2155 510 2219 domos:
532 2155 582 2218 ubi
598 2155 703 2219 dicitur
718 2155 757 2219 alt
958 2136 962 2143 ¹

15 2249 24 2315 ἒ
71 2263 235 2329 Coctilibus
244 2263 334 2327 muris
348 2261 476 2327 cinxisse
492 2260 665 2325 Semiramis
680 2263 798 2341 urbenis„
854 2324 857 2333 ,

70 2369 223 2447 Notitiam,
237 2369 406 2453 primosque
421 2367 530 2450 gradem
544 2362 649 2433 vicinia
663 2365 753 2434 fecit:
1024 2376 1044 2431 ὅ

71 2473 224 2557 Tempore
239 2472 331 2534 crevit
346 2492 447 2532 amor:
469 2473 551 2533 taedae
568 2494 684 2556 quoque
694 2473 763 2557 jure
778 2473 926 2554 coissent3

72 2579 135 2641 Sed
149 2575 271 2640 vetuere
285 2587 394 2658 patres,
410 2574 490 2656 quod
504 2596 562 2636 non
577 2576 700 2657 potuere
715 2591 826 2640 vetare.

115 2681 218 2746 Fissus
232 2693 295 2743 erat
310 2677 389 2741 tenui
404 2676 487 2754 rimi,
504 2699 593 2761 quam
609 2679 734 2743 duxerat
748 2682 827 2759 olim,

71 2788 153 2852 Cirm
163 2787 248 2850 lieret
261 2783 358 2868 paries
373 2783 473 2846 domui
487 2785 652 2849 communis
667 2786 791 2871 utrique.

72 2894 107 2955 ld
121 2891 223 2954 vitium
237 2888 307 2952 nulli
321 2909 375 2974 per
390 2887 497 2951 saecula
511 2887 597 2973 longa
610 2905 752 2970 notatum,
1006 2906 1046 2961 ln

74 2995 172 3082 (Quid
186 3017 246 3058 non
261 2993 347 3058 sentit
361 3015 444 3056 amor
454 2990 483 3079 ?)
505 2994 730 3077 primisensistis
746 3015 888 3076 amantes,

72 3102 115 3167 Et
128 3101 195 3165 voci
208 3098 318 3165 lecistis
332 3100 397 3164 iter.
442 3097 525 3164 Turn
540 3123 691 3168 murmure
705 3125 796 3188 parvo

71 3206 167 3271 Multa
180 3206 261 3291 priris
276 3207 379 3290 questi,
395 3220 531 3283 statuunt,
546 3221 578 3271 ut
588 3224 675 3272 nocte
691 3209 785 3272 silenti

72 3311 192 3377 Fallere
207 3311 355 3388 custodes,
370 3309 537 3397 foribusque
553 3313 703 3377 excedere
718 3327 838 3380 tentent.

71 3417 213 3502 Citmque
228 3416 319 3481 domo
334 3416 467 3493 exierint,
482 3418 561 3481 urbis
576 3437 694 3501 quoque
709 3417 835 3486 claustra
848 3424 1032 3512 relinquent:

72 3522 159 3586 Neve
174 3521 210 3586 sit
223 3521 380 3585 errandum
395 3522 453 3585 lato
468 3522 655 3607 spatiantibus
669 3545 749 3602 arvo,
1003 3538 1042 3594 lii

72 3627 258 3694 Conveniam
272 3625 312 3691 ed
326 3626 410 3722 busto
423 3625 495 3693 Nini
509 3649 516 3688 :
538 3627 704 3716 lateantque
720 3630 773 3698 sub
790 3635 892 3698 umbri

232 3916 249 3953 Φ
