<?xml version="1.0" encoding="UTF-8"?>
<!DOCTYPE html PUBLIC "-//W3C//DTD XHTML 1.0 Transitional//EN"
    "http://www.w3.org/TR/xhtml1/DTD/xhtml1-transitional.dtd">
<html xmlns="http://www.w3.org/1999/xhtml" xml:lang="en" lang="en">
 <head>
  <title>
</title>
<meta http-equiv="Content-Type" content="text/html;charset=utf-8" />
  <meta name='ocr-system' content='tesseract 3.04.00' />
  <meta name='ocr-capabilities' content='ocr_page ocr_carea ocr_par ocr_line ocrx_word'/>
</head>
<body>
  <div class='ocr_page' id='page_1' title='image "./excerptaexscrip03ovidgoog_0074.png"; bbox 0 0 2264 4042; ppageno 0'>
   <div class='ocr_carea' id='block_1_1' title="bbox 486 266 1074 333">
    <p class='ocr_par' dir='ltr' id='par_1_1' title="bbox 486 266 1074 333">
     <span class='ocr_line' id='line_1_1' title="bbox 486 266 1074 333; baseline 0.014 -9"><span class='ocrx_word' id='word_1_1' title='bbox 486 266 600 324; x_wconf 79' lang='lat' dir='ltr'>LIBER</span> <span class='ocrx_word' id='word_1_2' title='bbox 618 266 654 322; x_wconf 89' lang='lat' dir='ltr'>V.</span> <span class='ocrx_word' id='word_1_3' title='bbox 1035 272 1074 333; x_wconf 73' lang='grc'>59</span> 
     </span>
    </p>
   </div>
   <div class='ocr_carea' id='block_1_2' title="bbox 33 421 1077 3721">
    <p class='ocr_par' dir='ltr' id='par_1_2' title="bbox 102 421 1074 510">
     <span class='ocr_line' id='line_1_2' title="bbox 102 421 1074 510; baseline -0.003 -22"><span class='ocrx_word' id='word_1_4' title='bbox 102 421 291 510; x_wconf 77' lang='lat' dir='ltr'>Praemiaque</span> <span class='ocrx_word' id='word_1_5' title='bbox 306 424 430 510; x_wconf 86' lang='lat' dir='ltr'>eripies?</span> <span class='ocrx_word' id='word_1_6' title='bbox 453 447 518 510; x_wconf 84' lang='lat' dir='ltr'>quae</span> <span class='ocrx_word' id='word_1_7' title='bbox 534 426 557 489; x_wconf 90' lang='lat' dir='ltr'>si</span> <span class='ocrx_word' id='word_1_8' title='bbox 571 426 621 488; x_wconf 89' lang='lat' dir='ltr'>tibi</span> <span class='ocrx_word' id='word_1_9' title='bbox 636 445 743 508; x_wconf 84' lang='lat' dir='ltr'>magna</span> <span class='ocrx_word' id='word_1_10' title='bbox 756 424 914 504; x_wconf 83' lang='lat' dir='ltr'>videntur3</span> <span class='ocrx_word' id='word_1_11' title='bbox 1032 427 1074 485; x_wconf 78' lang='lat' dir='ltr'>at</span> 
     </span>
    </p>

    <p class='ocr_par' dir='ltr' id='par_1_3' title="bbox 103 525 815 612">
     <span class='ocr_line' id='line_1_3' title="bbox 103 525 815 612; baseline 0.003 -22"><span class='ocrx_word' id='word_1_12' title='bbox 103 525 156 590; x_wconf 82' lang='lat' dir='ltr'>Ex</span> <span class='ocrx_word' id='word_1_13' title='bbox 170 528 226 590; x_wconf 92' lang='lat' dir='ltr'>illis</span> <span class='ocrx_word' id='word_1_14' title='bbox 240 528 377 612; x_wconf 91' lang='lat' dir='ltr'>scopulis,</span> <span class='ocrx_word' id='word_1_15' title='bbox 393 529 442 592; x_wconf 92' lang='lat' dir='ltr'>ubi</span> <span class='ocrx_word' id='word_1_16' title='bbox 458 541 542 591; x_wconf 88' lang='lat' dir='ltr'>erant</span> <span class='ocrx_word' id='word_1_17' title='bbox 556 529 655 605; x_wconf 74' lang='lat' dir='ltr'>affara,</span> <span class='ocrx_word' id='word_1_18' title='bbox 670 527 815 612; x_wconf 89' lang='lat' dir='ltr'>petisses:</span> 
     </span>
    </p>

    <p class='ocr_par' dir='ltr' id='par_1_4' title="bbox 103 629 945 716">
     <span class='ocr_line' id='line_1_4' title="bbox 103 629 945 716; baseline 0.001 -24"><span class='ocrx_word' id='word_1_19' title='bbox 103 629 196 693; x_wconf 90' lang='lat' dir='ltr'>Nunc</span> <span class='ocrx_word' id='word_1_20' title='bbox 208 631 280 707; x_wconf 91' lang='lat' dir='ltr'>sine,</span> <span class='ocrx_word' id='word_1_21' title='bbox 296 631 345 714; x_wconf 90' lang='lat' dir='ltr'>qui</span> <span class='ocrx_word' id='word_1_22' title='bbox 358 631 450 716; x_wconf 88' lang='lat' dir='ltr'>petiit,</span> <span class='ocrx_word' id='word_1_23' title='bbox 465 652 519 714; x_wconf 91' lang='lat' dir='ltr'>per</span> <span class='ocrx_word' id='word_1_24' title='bbox 534 652 624 714; x_wconf 90' lang='lat' dir='ltr'>quem</span> <span class='ocrx_word' id='word_1_25' title='bbox 638 651 697 693; x_wconf 91' lang='lat' dir='ltr'>non</span> <span class='ocrx_word' id='word_1_26' title='bbox 711 632 784 694; x_wconf 90' lang='lat' dir='ltr'>orba</span> <span class='ocrx_word' id='word_1_27' title='bbox 798 643 945 706; x_wconf 88' lang='lat' dir='ltr'>senectus,</span> 
     </span>
    </p>

    <p class='ocr_par' dir='ltr' id='par_1_5' title="bbox 33 728 945 817">
     <span class='ocr_line' id='line_1_5' title="bbox 33 728 945 817; baseline 0.001 -23"><span class='ocrx_word' id='word_1_28' title='bbox 33 808 38 814; x_wconf 31' lang='grc'>,</span> <span class='ocrx_word' id='word_1_29' title='bbox 102 728 210 808; x_wconf 88' lang='lat' dir='ltr'>Ferre,</span> <span class='ocrx_word' id='word_1_30' title='bbox 226 732 305 817; x_wconf 90' lang='lat' dir='ltr'>quod</span> <span class='ocrx_word' id='word_1_31' title='bbox 320 746 350 795; x_wconf 94' lang='lat' dir='ltr'>et</span> <span class='ocrx_word' id='word_1_32' title='bbox 360 733 470 796; x_wconf 89' lang='lat' dir='ltr'>meritis</span> <span class='ocrx_word' id='word_1_33' title='bbox 484 748 515 796; x_wconf 89' lang='lat' dir='ltr'>et</span> <span class='ocrx_word' id='word_1_34' title='bbox 528 755 602 796; x_wconf 92' lang='lat' dir='ltr'>voce</span> <span class='ocrx_word' id='word_1_35' title='bbox 615 746 660 795; x_wconf 91' lang='lat' dir='ltr'>est</span> <span class='ocrx_word' id='word_1_36' title='bbox 673 746 795 817; x_wconf 87' lang='lat' dir='ltr'>pactus:</span> <span class='ocrx_word' id='word_1_37' title='bbox 817 753 945 816; x_wconf 90' lang='lat' dir='ltr'>eumque</span> 
     </span>
    </p>

    <p class='ocr_par' dir='ltr' id='par_1_6' title="bbox 101 834 850 922">
     <span class='ocr_line' id='line_1_6' title="bbox 101 834 850 922; baseline 0 -23"><span class='ocrx_word' id='word_1_38' title='bbox 101 834 174 900; x_wconf 92' lang='lat' dir='ltr'>Non</span> <span class='ocrx_word' id='word_1_39' title='bbox 188 837 250 912; x_wconf 91' lang='lat' dir='ltr'>tibi,</span> <span class='ocrx_word' id='word_1_40' title='bbox 265 837 318 901; x_wconf 91' lang='lat' dir='ltr'>sed</span> <span class='ocrx_word' id='word_1_41' title='bbox 333 851 420 901; x_wconf 88' lang='lat' dir='ltr'>certae</span> <span class='ocrx_word' id='word_1_42' title='bbox 435 838 587 922; x_wconf 82' lang='lat' dir='ltr'>praelatum</span> <span class='ocrx_word' id='word_1_43' title='bbox 601 837 729 919; x_wconf 84' lang='lat' dir='ltr'>intellige</span> <span class='ocrx_word' id='word_1_44' title='bbox 743 837 850 899; x_wconf 82' lang='lat' dir='ltr'>morti’</span> 
     </span>
    </p>

    <p class='ocr_par' dir='ltr' id='par_1_7' title="bbox 69 940 1075 1019">
     <span class='ocr_line' id='line_1_7' title="bbox 69 940 1075 1019; baseline 0.001 -14"><span class='ocrx_word' id='word_1_45' title='bbox 69 941 78 946; x_wconf 81' lang='grc'><em>”</em></span> <span class='ocrx_word' id='word_1_46' title='bbox 100 940 154 1005; x_wconf 91' lang='lat' dir='ltr'>Ille</span> <span class='ocrx_word' id='word_1_47' title='bbox 168 942 240 1005; x_wconf 85' lang='lat' dir='ltr'>nihil</span> <span class='ocrx_word' id='word_1_48' title='bbox 254 943 374 1006; x_wconf 67' lang='lat' dir='ltr'>mnne:</span> <span class='ocrx_word' id='word_1_49' title='bbox 397 945 451 1006; x_wconf 91' lang='lat' dir='ltr'>sed</span> <span class='ocrx_word' id='word_1_50' title='bbox 466 956 496 1006; x_wconf 92' lang='lat' dir='ltr'>et</span> <span class='ocrx_word' id='word_1_51' title='bbox 509 945 598 1019; x_wconf 90' lang='lat' dir='ltr'>hunc,</span> <span class='ocrx_word' id='word_1_52' title='bbox 614 957 645 1006; x_wconf 91' lang='lat' dir='ltr'>et</span> <span class='ocrx_word' id='word_1_53' title='bbox 655 942 769 1006; x_wconf 91' lang='lat' dir='ltr'>Persea</span> <span class='ocrx_word' id='word_1_54' title='bbox 782 943 862 1004; x_wconf 88' lang='lat' dir='ltr'>vultu</span> <span class='ocrx_word' id='word_1_55' title='bbox 1034 946 1075 1006; x_wconf 80' lang='lat'>30</span> 
     </span>
    </p>

    <p class='ocr_par' dir='ltr' id='par_1_8' title="bbox 101 1047 870 1133">
     <span class='ocr_line' id='line_1_8' title="bbox 101 1047 870 1133; baseline 0 -23"><span class='ocrx_word' id='word_1_56' title='bbox 101 1047 226 1110; x_wconf 82' lang='lat' dir='ltr'>Alterno</span> <span class='ocrx_word' id='word_1_57' title='bbox 241 1063 387 1133; x_wconf 90' lang='lat' dir='ltr'>spectans,</span> <span class='ocrx_word' id='word_1_58' title='bbox 402 1050 575 1133; x_wconf 86' lang='lat' dir='ltr'>petathuno</span> <span class='ocrx_word' id='word_1_59' title='bbox 589 1050 711 1133; x_wconf 84' lang='lat' dir='ltr'>ignorat,</span> <span class='ocrx_word' id='word_1_60' title='bbox 727 1070 764 1111; x_wconf 89' lang='lat' dir='ltr'>an</span> <span class='ocrx_word' id='word_1_61' title='bbox 778 1048 870 1111; x_wconf 91' lang='lat' dir='ltr'>illum.</span> 
     </span>
    </p>

    <p class='ocr_par' dir='ltr' id='par_1_9' title="bbox 103 1151 872 1238">
     <span class='ocr_line' id='line_1_9' title="bbox 103 1151 872 1238; baseline 0 -22"><span class='ocrx_word' id='word_1_62' title='bbox 103 1151 327 1238; x_wconf 73' lang='lat' dir='ltr'>cunctatusque</span> <span class='ocrx_word' id='word_1_63' title='bbox 341 1156 433 1232; x_wconf 84' lang='lat' dir='ltr'>brevi,</span> <span class='ocrx_word' id='word_1_64' title='bbox 449 1170 611 1220; x_wconf 88' lang='lat' dir='ltr'>contortam</span> <span class='ocrx_word' id='word_1_65' title='bbox 625 1155 733 1219; x_wconf 88' lang='lat' dir='ltr'>viribus</span> <span class='ocrx_word' id='word_1_66' title='bbox 748 1155 872 1231; x_wconf 86' lang='lat' dir='ltr'>hastam,</span> 
     </span>
    </p>

    <p class='ocr_par' dir='ltr' id='par_1_10' title="bbox 103 1252 894 1343">
     <span class='ocr_line' id='line_1_10' title="bbox 103 1252 894 1343; baseline -0.001 -26"><span class='ocrx_word' id='word_1_67' title='bbox 103 1252 240 1329; x_wconf 82' lang='lat' dir='ltr'>Quantas</span> <span class='ocrx_word' id='word_1_68' title='bbox 254 1257 297 1319; x_wconf 87' lang='lat' dir='ltr'>ira</span> <span class='ocrx_word' id='word_1_69' title='bbox 311 1258 409 1334; x_wconf 88' lang='lat' dir='ltr'>dabat,</span> <span class='ocrx_word' id='word_1_70' title='bbox 423 1258 621 1343; x_wconf 85' lang='lat' dir='ltr'>nequicquam</span> <span class='ocrx_word' id='word_1_71' title='bbox 636 1257 665 1319; x_wconf 92' lang='lat' dir='ltr'>in</span> <span class='ocrx_word' id='word_1_72' title='bbox 681 1256 795 1319; x_wconf 87' lang='lat' dir='ltr'>Persea</span> <span class='ocrx_word' id='word_1_73' title='bbox 806 1254 894 1318; x_wconf 85' lang='lat' dir='ltr'>misit.</span> 
     </span>
    </p>

    <p class='ocr_par' dir='ltr' id='par_1_11' title="bbox 101 1357 881 1446">
     <span class='ocr_line' id='line_1_11' title="bbox 101 1357 881 1446; baseline 0.003 -24"><span class='ocrx_word' id='word_1_74' title='bbox 101 1357 145 1422; x_wconf 89' lang='lat' dir='ltr'>Ut</span> <span class='ocrx_word' id='word_1_75' title='bbox 159 1361 237 1424; x_wconf 87' lang='lat' dir='ltr'>stetit</span> <span class='ocrx_word' id='word_1_76' title='bbox 249 1361 298 1425; x_wconf 89' lang='lat' dir='ltr'>illa</span> <span class='ocrx_word' id='word_1_77' title='bbox 312 1376 397 1441; x_wconf 85' lang='lat' dir='ltr'>toro3</span> <span class='ocrx_word' id='word_1_78' title='bbox 420 1363 514 1428; x_wconf 84' lang='lat' dir='ltr'>stratis</span> <span class='ocrx_word' id='word_1_79' title='bbox 527 1376 590 1426; x_wconf 91' lang='lat' dir='ltr'>tum</span> <span class='ocrx_word' id='word_1_80' title='bbox 606 1363 734 1446; x_wconf 92' lang='lat' dir='ltr'>denique</span> <span class='ocrx_word' id='word_1_81' title='bbox 749 1361 881 1425; x_wconf 88' lang='lat' dir='ltr'>Perseus</span> 
     </span>
    </p>

    <p class='ocr_par' dir='ltr' id='par_1_12' title="bbox 102 1462 1073 1552">
     <span class='ocr_line' id='line_1_12' title="bbox 102 1462 1073 1552; baseline 0.003 -25"><span class='ocrx_word' id='word_1_82' title='bbox 102 1462 252 1529; x_wconf 82' lang='lat' dir='ltr'>Exsiluit:</span> <span class='ocrx_word' id='word_1_83' title='bbox 274 1468 392 1552; x_wconf 91' lang='lat' dir='ltr'>teloque</span> <span class='ocrx_word' id='word_1_84' title='bbox 407 1469 492 1533; x_wconf 84' lang='lat' dir='ltr'>ferox</span> <span class='ocrx_word' id='word_1_85' title='bbox 506 1468 625 1531; x_wconf 89' lang='lat' dir='ltr'>inimica</span> <span class='ocrx_word' id='word_1_86' title='bbox 638 1469 761 1531; x_wconf 83' lang='lat' dir='ltr'>remisso</span> <span class='ocrx_word' id='word_1_87' title='bbox 1032 1471 1073 1530; x_wconf 78' lang='lat'>35</span> 
     </span>
    </p>

    <p class='ocr_par' dir='ltr' id='par_1_13' title="bbox 101 1565 808 1652">
     <span class='ocr_line' id='line_1_13' title="bbox 101 1565 808 1652; baseline 0 -22"><span class='ocrx_word' id='word_1_88' title='bbox 101 1565 232 1630; x_wconf 83' lang='lat' dir='ltr'>Pectora</span> <span class='ocrx_word' id='word_1_89' title='bbox 245 1570 370 1652; x_wconf 90' lang='lat' dir='ltr'>rupisset</span> <span class='ocrx_word' id='word_1_90' title='bbox 382 1591 391 1647; x_wconf 91' lang='lat'>;</span> <span class='ocrx_word' id='word_1_91' title='bbox 413 1569 467 1631; x_wconf 91' lang='lat' dir='ltr'>nisi</span> <span class='ocrx_word' id='word_1_92' title='bbox 481 1583 547 1651; x_wconf 89' lang='lat' dir='ltr'>post</span> <span class='ocrx_word' id='word_1_93' title='bbox 561 1568 661 1631; x_wconf 89' lang='lat' dir='ltr'>altaria</span> <span class='ocrx_word' id='word_1_94' title='bbox 675 1567 808 1630; x_wconf 89' lang='lat' dir='ltr'>Phineus</span> 
     </span>
    </p>

    <p class='ocr_par' dir='ltr' id='par_1_14' title="bbox 101 1667 803 1753">
     <span class='ocr_line' id='line_1_14' title="bbox 101 1667 803 1753; baseline -0.001 -21"><span class='ocrx_word' id='word_1_95' title='bbox 101 1668 196 1732; x_wconf 85' lang='lat' dir='ltr'>Isset:</span> <span class='ocrx_word' id='word_1_96' title='bbox 219 1684 251 1732; x_wconf 90' lang='lat' dir='ltr'>et</span> <span class='ocrx_word' id='word_1_97' title='bbox 266 1667 446 1753; x_wconf 84' lang='lat' dir='ltr'>(indignum)</span> <span class='ocrx_word' id='word_1_98' title='bbox 463 1670 606 1732; x_wconf 90' lang='lat' dir='ltr'>scelerato</span> <span class='ocrx_word' id='word_1_99' title='bbox 619 1669 728 1753; x_wconf 81' lang='lat' dir='ltr'>proluit</span> <span class='ocrx_word' id='word_1_100' title='bbox 742 1691 803 1733; x_wconf 90' lang='lat' dir='ltr'>ara.</span> 
     </span>
    </p>

    <p class='ocr_par' dir='ltr' id='par_1_15' title="bbox 102 1768 871 1857">
     <span class='ocr_line' id='line_1_15' title="bbox 102 1768 871 1857; baseline 0.001 -23"><span class='ocrx_word' id='word_1_101' title='bbox 102 1768 213 1835; x_wconf 79' lang='lat' dir='ltr'>Fronte</span> <span class='ocrx_word' id='word_1_102' title='bbox 229 1785 328 1834; x_wconf 88' lang='lat' dir='ltr'>tamen</span> <span class='ocrx_word' id='word_1_103' title='bbox 344 1771 447 1835; x_wconf 90' lang='lat' dir='ltr'>Rhoeti</span> <span class='ocrx_word' id='word_1_104' title='bbox 461 1794 520 1835; x_wconf 90' lang='lat' dir='ltr'>non</span> <span class='ocrx_word' id='word_1_105' title='bbox 534 1772 613 1836; x_wconf 90' lang='lat' dir='ltr'>irrita</span> <span class='ocrx_word' id='word_1_106' title='bbox 627 1773 725 1857; x_wconf 87' lang='lat' dir='ltr'>cuspis</span> <span class='ocrx_word' id='word_1_107' title='bbox 740 1773 871 1838; x_wconf 88' lang='lat' dir='ltr'>adhaesit.</span> 
     </span>
    </p>

    <p class='ocr_par' dir='ltr' id='par_1_16' title="bbox 101 1873 1021 1963">
     <span class='ocr_line' id='line_1_16' title="bbox 101 1873 1021 1963; baseline 0.008 -25"><span class='ocrx_word' id='word_1_108' title='bbox 101 1873 165 1950; x_wconf 80' lang='lat' dir='ltr'>Qui</span> <span class='ocrx_word' id='word_1_109' title='bbox 178 1891 334 1961; x_wconf 88' lang='lat' dir='ltr'>postquam</span> <span class='ocrx_word' id='word_1_110' title='bbox 349 1878 466 1955; x_wconf 83' lang='lat' dir='ltr'>cecidit,</span> <span class='ocrx_word' id='word_1_111' title='bbox 482 1876 651 1963; x_wconf 87' lang='lat' dir='ltr'>ferrumque</span> <span class='ocrx_word' id='word_1_112' title='bbox 666 1901 706 1943; x_wconf 82' lang='lat' dir='ltr'>ex</span> <span class='ocrx_word' id='word_1_113' title='bbox 720 1901 787 1943; x_wconf 91' lang='lat' dir='ltr'>osse</span> <span class='ocrx_word' id='word_1_114' title='bbox 802 1881 952 1945; x_wconf 84' lang='lat' dir='ltr'>revulsum</span> <span class='ocrx_word' id='word_1_115' title='bbox 967 1896 1021 1959; x_wconf 87' lang='lat' dir='ltr'>est,</span> 
     </span>
    </p>

    <p class='ocr_par' dir='ltr' id='par_1_17' title="bbox 101 1978 1077 2170">
     <span class='ocr_line' id='line_1_17' title="bbox 101 1978 1077 2068; baseline 0.007 -25"><span class='ocrx_word' id='word_1_116' title='bbox 101 1978 240 2066; x_wconf 83' lang='lat' dir='ltr'>Patpitat,</span> <span class='ocrx_word' id='word_1_117' title='bbox 256 1995 286 2044; x_wconf 92' lang='lat' dir='ltr'>et</span> <span class='ocrx_word' id='word_1_118' title='bbox 299 1983 407 2066; x_wconf 89' lang='lat' dir='ltr'>positas</span> <span class='ocrx_word' id='word_1_119' title='bbox 422 1985 570 2068; x_wconf 84' lang='lat' dir='ltr'>adspergit</span> <span class='ocrx_word' id='word_1_120' title='bbox 584 1985 724 2068; x_wconf 87' lang='lat' dir='ltr'>sanguine</span> <span class='ocrx_word' id='word_1_121' title='bbox 738 2007 866 2050; x_wconf 87' lang='lat' dir='ltr'>mensas.</span> <span class='ocrx_word' id='word_1_122' title='bbox 1030 1989 1077 2050; x_wconf 79' lang='lat'>40</span> 
     </span>
     <span class='ocr_line' id='line_1_18' title="bbox 144 2082 866 2170; baseline 0.007 -25"><span class='ocrx_word' id='word_1_123' title='bbox 144 2082 227 2146; x_wconf 91' lang='lat' dir='ltr'>Tum</span> <span class='ocrx_word' id='word_1_124' title='bbox 242 2084 313 2147; x_wconf 83' lang='lat' dir='ltr'>verd</span> <span class='ocrx_word' id='word_1_125' title='bbox 328 2085 483 2150; x_wconf 88' lang='lat' dir='ltr'>indomitas</span> <span class='ocrx_word' id='word_1_126' title='bbox 498 2087 626 2150; x_wconf 88' lang='lat' dir='ltr'>ardescit</span> <span class='ocrx_word' id='word_1_127' title='bbox 640 2088 743 2170; x_wconf 88' lang='lat' dir='ltr'>vulgus</span> <span class='ocrx_word' id='word_1_128' title='bbox 756 2088 785 2149; x_wconf 93' lang='lat' dir='ltr'>in</span> <span class='ocrx_word' id='word_1_129' title='bbox 798 2089 866 2164; x_wconf 92' lang='lat' dir='ltr'>iras,</span> 
     </span>
    </p>

    <p class='ocr_par' dir='ltr' id='par_1_18' title="bbox 100 2184 893 2272">
     <span class='ocr_line' id='line_1_19' title="bbox 100 2184 893 2272; baseline 0.003 -24"><span class='ocrx_word' id='word_1_130' title='bbox 100 2184 238 2271; x_wconf 82' lang='lat' dir='ltr'>Telaque</span> <span class='ocrx_word' id='word_1_131' title='bbox 253 2186 430 2272; x_wconf 83' lang='lat' dir='ltr'>conjiciunt:</span> <span class='ocrx_word' id='word_1_132' title='bbox 452 2203 483 2252; x_wconf 90' lang='lat' dir='ltr'>ct</span> <span class='ocrx_word' id='word_1_133' title='bbox 497 2202 572 2265; x_wconf 83' lang='lat' dir='ltr'>sunt,</span> <span class='ocrx_word' id='word_1_134' title='bbox 588 2189 636 2272; x_wconf 94' lang='lat' dir='ltr'>qui</span> <span class='ocrx_word' id='word_1_135' title='bbox 652 2188 780 2272; x_wconf 89' lang='lat' dir='ltr'>Cephea</span> <span class='ocrx_word' id='word_1_136' title='bbox 794 2189 893 2252; x_wconf 87' lang='lat' dir='ltr'>dicant</span> 
     </span>
    </p>

    <p class='ocr_par' dir='ltr' id='par_1_19' title="bbox 100 2285 841 2372">
     <span class='ocr_line' id='line_1_20' title="bbox 100 2285 841 2372; baseline -0.003 -20"><span class='ocrx_word' id='word_1_137' title='bbox 100 2285 182 2352; x_wconf 90' lang='lat' dir='ltr'>Cum</span> <span class='ocrx_word' id='word_1_138' title='bbox 198 2309 308 2372; x_wconf 90' lang='lat' dir='ltr'>genero</span> <span class='ocrx_word' id='word_1_139' title='bbox 323 2290 433 2352; x_wconf 90' lang='lat' dir='ltr'>debere</span> <span class='ocrx_word' id='word_1_140' title='bbox 448 2290 534 2354; x_wconf 91' lang='lat' dir='ltr'>mori.</span> <span class='ocrx_word' id='word_1_141' title='bbox 580 2291 643 2352; x_wconf 89' lang='lat' dir='ltr'>Sed</span> <span class='ocrx_word' id='word_1_142' title='bbox 657 2290 756 2351; x_wconf 89' lang='lat' dir='ltr'>limine</span> <span class='ocrx_word' id='word_1_143' title='bbox 771 2289 841 2351; x_wconf 89' lang='lat' dir='ltr'>tecti</span> 
     </span>
    </p>

    <p class='ocr_par' dir='ltr' id='par_1_20' title="bbox 100 2390 856 2483">
     <span class='ocr_line' id='line_1_21' title="bbox 100 2390 856 2483; baseline 0.001 -27"><span class='ocrx_word' id='word_1_144' title='bbox 100 2390 228 2458; x_wconf 80' lang='lat' dir='ltr'>Exierat</span> <span class='ocrx_word' id='word_1_145' title='bbox 243 2392 387 2478; x_wconf 87' lang='lat' dir='ltr'>Cepheus</span> <span class='ocrx_word' id='word_1_146' title='bbox 399 2417 408 2473; x_wconf 83' lang='lat'>3</span> <span class='ocrx_word' id='word_1_147' title='bbox 430 2408 551 2457; x_wconf 89' lang='lat' dir='ltr'>testatus</span> <span class='ocrx_word' id='word_1_148' title='bbox 560 2393 680 2483; x_wconf 82' lang='lat' dir='ltr'>jusque,</span> <span class='ocrx_word' id='word_1_149' title='bbox 695 2393 856 2477; x_wconf 89' lang='lat' dir='ltr'>fidemque,</span> 
     </span>
    </p>

    <p class='ocr_par' dir='ltr' id='par_1_21' title="bbox 101 2495 1073 2687">
     <span class='ocr_line' id='line_1_22' title="bbox 101 2495 1073 2584; baseline 0.005 -23"><span class='ocrx_word' id='word_1_150' title='bbox 101 2495 288 2583; x_wconf 89' lang='lat' dir='ltr'>Hospitiique</span> <span class='ocrx_word' id='word_1_151' title='bbox 304 2500 387 2574; x_wconf 89' lang='lat' dir='ltr'>deos,</span> <span class='ocrx_word' id='word_1_152' title='bbox 403 2519 450 2580; x_wconf 83' lang='lat' dir='ltr'>ea,</span> <span class='ocrx_word' id='word_1_153' title='bbox 465 2520 498 2562; x_wconf 91' lang='lat' dir='ltr'>se</span> <span class='ocrx_word' id='word_1_154' title='bbox 509 2499 692 2584; x_wconf 87' lang='lat' dir='ltr'>prohibente,</span> <span class='ocrx_word' id='word_1_155' title='bbox 706 2501 828 2565; x_wconf 89' lang='lat' dir='ltr'>moveri.</span> <span class='ocrx_word' id='word_1_156' title='bbox 1031 2506 1073 2566; x_wconf 82' lang='lat'>45</span> 
     </span>
     <span class='ocr_line' id='line_1_23' title="bbox 142 2599 930 2687; baseline 0.005 -23"><span class='ocrx_word' id='word_1_157' title='bbox 142 2599 261 2665; x_wconf 86' lang='lat' dir='ltr'>Bellica</span> <span class='ocrx_word' id='word_1_158' title='bbox 274 2601 375 2665; x_wconf 88' lang='lat' dir='ltr'>Pallas</span> <span class='ocrx_word' id='word_1_159' title='bbox 389 2601 483 2678; x_wconf 88' lang='lat' dir='ltr'>adest,</span> <span class='ocrx_word' id='word_1_160' title='bbox 499 2615 530 2665; x_wconf 93' lang='lat' dir='ltr'>et</span> <span class='ocrx_word' id='word_1_161' title='bbox 542 2603 667 2686; x_wconf 82' lang='lat' dir='ltr'>protegit</span> <span class='ocrx_word' id='word_1_162' title='bbox 682 2604 774 2687; x_wconf 78' lang='lat' dir='ltr'>aegide</span> <span class='ocrx_word' id='word_1_163' title='bbox 790 2603 930 2668; x_wconf 87' lang='lat' dir='ltr'>fratrem:</span> 
     </span>
    </p>

    <p class='ocr_par' dir='ltr' id='par_1_22' title="bbox 101 2704 1074 2794">
     <span class='ocr_line' id='line_1_24' title="bbox 101 2704 1074 2794; baseline 0.005 -25"><span class='ocrx_word' id='word_1_164' title='bbox 101 2704 223 2789; x_wconf 89' lang='lat' dir='ltr'>Datque</span> <span class='ocrx_word' id='word_1_165' title='bbox 239 2705 362 2768; x_wconf 88' lang='lat' dir='ltr'>animos.</span> <span class='ocrx_word' id='word_1_166' title='bbox 407 2705 483 2770; x_wconf 87' lang='lat' dir='ltr'>Erat</span> <span class='ocrx_word' id='word_1_167' title='bbox 497 2706 589 2770; x_wconf 92' lang='lat' dir='ltr'>Indus</span> <span class='ocrx_word' id='word_1_168' title='bbox 602 2708 699 2786; x_wconf 85' lang='lat' dir='ltr'>Athis,</span> <span class='ocrx_word' id='word_1_169' title='bbox 715 2730 816 2793; x_wconf 90' lang='lat' dir='ltr'>quem,</span> <span class='ocrx_word' id='word_1_170' title='bbox 830 2709 951 2773; x_wconf 91' lang='lat' dir='ltr'>flumine</span> <span class='ocrx_word' id='word_1_171' title='bbox 968 2708 1074 2794; x_wconf 83' lang='lat' dir='ltr'>Gange</span> 
     </span>
    </p>

    <p class='ocr_par' dir='ltr' id='par_1_23' title="bbox 101 2805 803 2893">
     <span class='ocr_line' id='line_1_25' title="bbox 101 2805 803 2893; baseline 0.006 -23"><span class='ocrx_word' id='word_1_172' title='bbox 101 2805 204 2883; x_wconf 88' lang='lat' dir='ltr'>Edita,</span> <span class='ocrx_word' id='word_1_173' title='bbox 216 2805 354 2870; x_wconf 82' lang='lat' dir='ltr'>limnate</span> <span class='ocrx_word' id='word_1_174' title='bbox 368 2808 465 2872; x_wconf 89' lang='lat' dir='ltr'>vitreis</span> <span class='ocrx_word' id='word_1_175' title='bbox 479 2809 630 2893; x_wconf 87' lang='lat' dir='ltr'>peperisse</span> <span class='ocrx_word' id='word_1_176' title='bbox 646 2811 699 2874; x_wconf 92' lang='lat' dir='ltr'>sub</span> <span class='ocrx_word' id='word_1_177' title='bbox 715 2811 803 2874; x_wconf 90' lang='lat' dir='ltr'>antris</span> 
     </span>
    </p>

    <p class='ocr_par' dir='ltr' id='par_1_24' title="bbox 99 2907 838 2997">
     <span class='ocr_line' id='line_1_26' title="bbox 99 2907 838 2997; baseline 0.003 -24"><span class='ocrx_word' id='word_1_178' title='bbox 99 2907 250 2984; x_wconf 88' lang='lat' dir='ltr'>Creditur,</span> <span class='ocrx_word' id='word_1_179' title='bbox 265 2913 400 2996; x_wconf 87' lang='lat' dir='ltr'>egregius</span> <span class='ocrx_word' id='word_1_180' title='bbox 414 2912 528 2976; x_wconf 69' lang='lat' dir='ltr'>forma:</span> <span class='ocrx_word' id='word_1_181' title='bbox 551 2934 640 2997; x_wconf 88' lang='lat' dir='ltr'>quam</span> <span class='ocrx_word' id='word_1_182' title='bbox 655 2913 743 2977; x_wconf 83' lang='lat' dir='ltr'>divite</span> <span class='ocrx_word' id='word_1_183' title='bbox 758 2913 838 2977; x_wconf 92' lang='lat' dir='ltr'>cultu</span> 
     </span>
    </p>

    <p class='ocr_par' dir='ltr' id='par_1_25' title="bbox 99 3013 1075 3097">
     <span class='ocr_line' id='line_1_27' title="bbox 99 3013 1075 3097; baseline 0.002 -21"><span class='ocrx_word' id='word_1_184' title='bbox 99 3013 251 3097; x_wconf 78' lang='lat' dir='ltr'>Augebat,</span> <span class='ocrx_word' id='word_1_185' title='bbox 265 3015 310 3078; x_wconf 89' lang='lat' dir='ltr'>bis</span> <span class='ocrx_word' id='word_1_186' title='bbox 326 3016 424 3078; x_wconf 90' lang='lat' dir='ltr'>adhuc</span> <span class='ocrx_word' id='word_1_187' title='bbox 439 3014 552 3077; x_wconf 87' lang='lat' dir='ltr'>octonis</span> <span class='ocrx_word' id='word_1_188' title='bbox 565 3015 678 3097; x_wconf 88' lang='lat' dir='ltr'>integer</span> <span class='ocrx_word' id='word_1_189' title='bbox 693 3015 795 3094; x_wconf 83' lang='lat' dir='ltr'>annis3</span> <span class='ocrx_word' id='word_1_190' title='bbox 1033 3020 1075 3078; x_wconf 82' lang='lat'>50</span> 
     </span>
    </p>

    <p class='ocr_par' dir='ltr' id='par_1_26' title="bbox 99 3115 920 3202">
     <span class='ocr_line' id='line_1_28' title="bbox 99 3115 920 3202; baseline 0.001 -21"><span class='ocrx_word' id='word_1_191' title='bbox 99 3115 226 3182; x_wconf 91' lang='lat' dir='ltr'>Indutus</span> <span class='ocrx_word' id='word_1_192' title='bbox 240 3119 430 3202; x_wconf 89' lang='lat' dir='ltr'>chlamydem</span> <span class='ocrx_word' id='word_1_193' title='bbox 444 3116 580 3200; x_wconf 90' lang='lat' dir='ltr'>Tyriam,</span> <span class='ocrx_word' id='word_1_194' title='bbox 596 3139 685 3201; x_wconf 89' lang='lat' dir='ltr'>quam</span> <span class='ocrx_word' id='word_1_195' title='bbox 699 3118 806 3181; x_wconf 91' lang='lat' dir='ltr'>limbus</span> <span class='ocrx_word' id='word_1_196' title='bbox 820 3118 920 3183; x_wconf 89' lang='lat' dir='ltr'>obibat</span> 
     </span>
    </p>

    <p class='ocr_par' dir='ltr' id='par_1_27' title="bbox 99 3221 781 3302">
     <span class='ocr_line' id='line_1_29' title="bbox 99 3221 781 3302; baseline 0.003 -17"><span class='ocrx_word' id='word_1_197' title='bbox 99 3221 241 3286; x_wconf 79' lang='lat' dir='ltr'>Aureus:</span> <span class='ocrx_word' id='word_1_198' title='bbox 259 3223 402 3287; x_wconf 89' lang='lat' dir='ltr'>ornabant</span> <span class='ocrx_word' id='word_1_199' title='bbox 416 3235 517 3292; x_wconf 87' lang='lat' dir='ltr'>aurata</span> <span class='ocrx_word' id='word_1_200' title='bbox 531 3221 649 3284; x_wconf 90' lang='lat' dir='ltr'>monilia</span> <span class='ocrx_word' id='word_1_201' title='bbox 663 3223 781 3302; x_wconf 88' lang='lat' dir='ltr'>collum,</span> 
     </span>
    </p>

    <p class='ocr_par' dir='ltr' id='par_1_28' title="bbox 100 3325 835 3414">
     <span class='ocr_line' id='line_1_30' title="bbox 100 3325 835 3414; baseline 0.001 -23"><span class='ocrx_word' id='word_1_202' title='bbox 100 3325 144 3391; x_wconf 88' lang='lat' dir='ltr'>Et</span> <span class='ocrx_word' id='word_1_203' title='bbox 158 3327 294 3390; x_wconf 89' lang='lat' dir='ltr'>madidos</span> <span class='ocrx_word' id='word_1_204' title='bbox 308 3328 429 3412; x_wconf 75' lang='lat' dir='ltr'>myrrhd</span> <span class='ocrx_word' id='word_1_205' title='bbox 442 3348 567 3391; x_wconf 84' lang='lat' dir='ltr'>curvum</span> <span class='ocrx_word' id='word_1_206' title='bbox 581 3327 690 3391; x_wconf 88' lang='lat' dir='ltr'>crinale</span> <span class='ocrx_word' id='word_1_207' title='bbox 706 3330 835 3414; x_wconf 86' lang='lat' dir='ltr'>capillos.</span> 
     </span>
    </p>

    <p class='ocr_par' dir='ltr' id='par_1_29' title="bbox 101 3427 802 3515">
     <span class='ocr_line' id='line_1_31' title="bbox 101 3427 802 3515; baseline 0.007 -24"><span class='ocrx_word' id='word_1_208' title='bbox 101 3427 155 3492; x_wconf 91' lang='lat' dir='ltr'>llle</span> <span class='ocrx_word' id='word_1_209' title='bbox 171 3429 291 3513; x_wconf 89' lang='lat' dir='ltr'>quidem</span> <span class='ocrx_word' id='word_1_210' title='bbox 300 3429 402 3515; x_wconf 87' lang='lat' dir='ltr'>jaculo</span> <span class='ocrx_word' id='word_1_211' title='bbox 417 3430 549 3515; x_wconf 90' lang='lat' dir='ltr'>quamvis</span> <span class='ocrx_word' id='word_1_212' title='bbox 565 3429 699 3494; x_wconf 88' lang='lat' dir='ltr'>distantia</span> <span class='ocrx_word' id='word_1_213' title='bbox 712 3432 802 3496; x_wconf 90' lang='lat' dir='ltr'>misso</span> 
     </span>
    </p>

    <p class='ocr_par' dir='ltr' id='par_1_30' title="bbox 100 3530 1073 3617">
     <span class='ocr_line' id='line_1_32' title="bbox 100 3530 1073 3617; baseline 0.007 -21"><span class='ocrx_word' id='word_1_214' title='bbox 100 3530 211 3617; x_wconf 85' lang='lat' dir='ltr'>Figere</span> <span class='ocrx_word' id='word_1_215' title='bbox 227 3534 332 3599; x_wconf 91' lang='lat' dir='ltr'>doctus</span> <span class='ocrx_word' id='word_1_216' title='bbox 345 3548 429 3614; x_wconf 80' lang='lat' dir='ltr'>erat3</span> <span class='ocrx_word' id='word_1_217' title='bbox 451 3535 504 3600; x_wconf 90' lang='lat' dir='ltr'>sed</span> <span class='ocrx_word' id='word_1_218' title='bbox 519 3535 642 3599; x_wconf 91' lang='lat' dir='ltr'>tendere</span> <span class='ocrx_word' id='word_1_219' title='bbox 657 3535 769 3600; x_wconf 91' lang='lat' dir='ltr'>doctior</span> <span class='ocrx_word' id='word_1_220' title='bbox 784 3559 879 3602; x_wconf 87' lang='lat' dir='ltr'>arcus.</span> <span class='ocrx_word' id='word_1_221' title='bbox 1032 3545 1073 3603; x_wconf 79' lang='lat'>55</span> 
     </span>
    </p>

    <p class='ocr_par' dir='ltr' id='par_1_31' title="bbox 101 3631 1009 3721">
     <span class='ocr_line' id='line_1_33' title="bbox 101 3631 1009 3721; baseline 0.007 -21"><span class='ocrx_word' id='word_1_222' title='bbox 101 3631 184 3700; x_wconf 91' lang='lat' dir='ltr'>Tum</span> <span class='ocrx_word' id='word_1_223' title='bbox 199 3655 317 3721; x_wconf 91' lang='lat' dir='ltr'>quoque</span> <span class='ocrx_word' id='word_1_224' title='bbox 328 3636 407 3705; x_wconf 83' lang='lat' dir='ltr'>lenta</span> <span class='ocrx_word' id='word_1_225' title='bbox 420 3658 511 3703; x_wconf 88' lang='lat' dir='ltr'>manu</span> <span class='ocrx_word' id='word_1_226' title='bbox 524 3636 693 3703; x_wconf 86' lang='lat' dir='ltr'>flectentem</span> <span class='ocrx_word' id='word_1_227' title='bbox 708 3661 822 3707; x_wconf 83' lang='lat' dir='ltr'>cornua</span> <span class='ocrx_word' id='word_1_228' title='bbox 834 3639 965 3711; x_wconf 86' lang='lat' dir='ltr'>Perseus</span> <span class='ocrx_word' id='word_1_229' title='bbox 1006 3686 1009 3693; x_wconf 85' lang='lat'><strong>.</strong></span> 
     </span>
    </p>
   </div>
   <div class='ocr_carea' id='block_1_3' title="bbox 0 0 1136 4042">
    <p class='ocr_par' dir='ltr' id='par_1_32' title="bbox 0 0 1136 4042">
     <span class='ocr_line' id='line_1_34' title="bbox 0 0 1136 4042; baseline 0 0"><span class='ocrx_word' id='word_1_230' title='bbox 0 0 1136 4042; x_wconf 95' lang='lat' dir='ltr'> </span> 
     </span>
    </p>
   </div>
  </div>
 </body>
</html>
