2264 4042
420 211 605 267 EPISTULA
618 206 681 265 vn.

54 370 165 434 Certus
180 392 222 446 es,
239 368 346 446 AEnea,
360 390 429 431 cum
444 367 557 431 soedere
572 367 684 430 solvere
698 386 811 429 naves:

98 473 236 558 Quaeque
250 475 299 538 ubi
313 474 370 537 sint
382 474 489 548 nescis,
504 472 577 535 Itala
590 493 681 555 regna
695 470 789 555 sequi.

55 579 87 642 N
88 600 125 640 ec
139 601 215 642 nova
230 579 388 661 Carthago,
403 599 460 639 nec
476 590 504 638 te
520 576 683 638 crescentia
696 586 817 657 tangunt

98 681 233 762 Moenia3
248 705 304 745 nec
320 695 436 765 sceptro
451 681 555 743 tradita
570 700 686 742 summa
699 691 759 741 tuo.
986 682 1025 738 10

56 785 152 849 Facta
167 785 260 869 sugis3
276 785 413 848 facienda
426 785 511 868 petis.
556 783 727 856 Quarenda
741 804 794 866 per
807 782 911 845 orbem

99 891 211 967 Altera,
227 891 347 974 quaesita
362 904 407 952 est
421 890 511 951 altera
525 902 604 951 terra
617 887 679 949 tibi.

55 992 98 1057 Ut
113 1008 220 1056 terram
235 995 374 1069 invenias,
391 994 454 1076 quis
469 1015 536 1056 eam
550 993 599 1055 tibi
614 993 709 1055 tradet
728 989 921 1055 habendam?

100 1097 178 1172 Quis
193 1121 245 1160 sua
259 1121 317 1160 non
332 1099 407 1161 notis
422 1120 490 1161 arva
504 1098 631 1161 tenenda
646 1096 750 1160 dabit?

58 1203 141 1267 Alter
155 1203 307 1265 habendus
323 1224 403 1265 amor
417 1203 467 1265 tibi
482 1217 580 1278 restat,
596 1218 625 1265 et
641 1203 732 1265 altere
746 1201 827 1263 Dido
842 1223 850 1262 τ
989 1204 1029 1267 15

100 1305 260 1389 Quamque
275 1308 380 1369 iterum
395 1307 486 1381 sallas,
503 1308 593 1367 altera
608 1306 705 1367 danda
719 1305 804 1367 fides.

56 1410 188 1483 Quando
204 1411 266 1486 erit,
282 1423 314 1471 ut
328 1410 438 1472 condas
453 1410 541 1471 instar
556 1409 739 1491 Carthaginis
754 1409 869 1485 urbem,

100 1513 143 1576 Et
156 1514 258 1575 videas
273 1515 395 1596 populos
411 1515 484 1575 altus
499 1515 536 1574 ab
552 1534 619 1574 arce
635 1512 721 1573 tuos?

56 1618 168 1680 Omnia
184 1633 215 1678 ut
230 1617 374 1691 eveniant,
388 1637 445 1677 neo
459 1631 488 1677 te
504 1629 553 1676 tua
567 1629 634 1677 vota
648 1630 796 1678 morentur
808 1637 818 1696 3

99 1720 192 1782 Unde
207 1720 267 1795 tibi,
284 1741 347 1802 qua
362 1733 391 1781 te
407 1720 448 1782 sic
464 1733 552 1794 amet,
571 1740 645 1781 uxor
659 1719 737 1781 erit?

57 1824 172 1887 AEneas
186 1825 278 1887 oculis
293 1846 410 1907 semper
423 1824 565 1906 vigilantis
579 1825 719 1887 inhaeret:

101 1928 218 1992 AEnean
234 1929 331 1991 auimo
346 1951 463 2011 noxque
479 1929 600 2012 diesque
614 1929 714 1993 refert.

56 2032 111 2095 tlte
128 2033 246 2115 quidem
257 2033 333 2094 male
348 2047 454 2115 gratus,
470 2047 500 2095 et
514 2034 550 2095 ad
567 2056 635 2095 mea
648 2054 771 2096 munera
786 2036 912 2112 surdus3

103 2135 146 2198 Et
160 2159 227 2219 quo,
242 2138 265 2198 si
280 2159 337 2199 non
352 2138 407 2198 sim
422 2138 517 2210 stulta,
532 2157 633 2197 carere
648 2137 757 2197 velimr

58 2242 131 2304 Non
145 2226 243 2302 tamen
256 2240 384 2315 AEnean,
400 2239 531 2321 quamvis
545 2239 621 2301 male
637 2240 753 2320 cogitat,
765 2240 813 2301 odi
827 2263 834 2300 :
983 2248 1025 2304 25

104 2345 165 2406 Sed
182 2367 286 2427 queror
301 2345 430 2418 infidum,
442 2358 603 2426 questaque
617 2342 701 2426 pejus
715 2364 793 2405 amo.

58 2449 167 2525 Parce,
183 2448 295 2524 Venus,
309 2447 403 2523 nurui,
419 2447 583 2530 durumque
598 2449 775 2531 amplectere
790 2448 918 2529 fratrem,

103 2552 208 2615 Frater
222 2553 337 2614 Amor:
352 2553 452 2614 castris
467 2552 567 2614 militet
580 2553 627 2615 ille
642 2554 708 2616 tuis.

58 2656 179 2736 Fallor3
195 2672 224 2720 et
237 2658 291 2719 ista
305 2658 373 2719 mibi
389 2656 461 2719 falso
478 2657 604 2743 jactatur
617 2659 724 2742 imago.

103 2761 206 2824 Matris
221 2764 257 2823 ab
271 2762 386 2844 ingenio
402 2763 523 2824 dissidet
536 2764 583 2825 ille
599 2786 668 2827 suae.

10 2878 12 2883 ’
59 2865 109 2928 Te
124 2866 206 2949 lapis,
222 2880 252 2928 et
266 2883 389 2942 montes,
404 2868 558 2951 innataque
573 2870 691 2953 rupibus
707 2872 769 2935 altis

103 2969 236 3045 Robora,
253 2984 280 3031 te
295 2992 376 3032 saevae
393 2972 573 3054 progenuere
587 2971 655 3034 ferae
670 2996 677 3032 :

61 3075 124 3137 Aut
138 3096 230 3149 mare,
246 3076 330 3157 quale
346 3077 428 3137 vides
442 3077 542 3157 agitari
555 3099 632 3138 nunc
648 3098 764 3161 qnoque
778 3082 889 3145 ventis:

106 3178 198 3251 Quod
212 3195 311 3242 tamen
326 3180 454 3243 adversis
469 3179 604 3243 fluctibus
617 3182 658 3244 ire
681 3206 776 3265 paras.

61 3285 134 3360 Quo
150 3284 243 3369 sugis?
258 3288 352 3349 obstat
366 3288 459 3349 hiems
472 3309 480 3347 ε
495 3287 598 3350 hiemis
609 3288 678 3350 mihi
693 3292 784 3372 gratia
798 3295 897 3376 prosit.
982 3304 1023 3365 35

105 3391 246 3474 Adspice,
262 3406 292 3452 ot
307 3413 422 3455 eversas
436 3393 562 3456 concitet
577 3392 676 3458 Eurus
690 3417 791 3481 aquas.

62 3495 155 3569 Quod
169 3497 218 3559 tibi
233 3497 395 3572 mainerim‚
411 3499 471 3561 sine
487 3521 535 3562 me
551 3500 661 3563 debere
675 3503 819 3583 procellis.

104 3599 214 3664 Justior
228 3616 273 3665 est
287 3604 383 3666 animo
397 3617 500 3667 ventus
515 3619 545 3668 et
559 3607 637 3670 unda
650 3621 711 3670 tuo.

324 3715 359 3770 14
