2264 4042
77 232 137 293 166
451 220 654 279 Huaomss.

71 381 131 447 Ibis
144 382 308 465 Cecropios
320 394 430 465 portus,
444 379 597 465 patriaque
611 390 748 461 receptus

115 486 195 550 Cum
211 486 323 550 steteris
338 484 416 548 urbis
430 487 527 548 celsus
541 485 568 546 in
585 505 653 546 arce
666 496 733 557 tuae,

70 589 112 653 Et
121 592 202 654 bene
217 590 341 655 narraris
352 592 443 654 letum
457 590 589 672 taurique
604 588 725 669 virique,

114 695 263 780 Sectaque
278 719 331 780 per
346 694 449 758 dubias
463 715 555 757 saxea
568 706 646 756 tecta
660 692 721 753 vias
733 711 742 767 3

70 799 124 865 Me
139 822 256 885 quoque
271 814 387 865 narrato
401 799 465 864 sold
478 798 581 862 tellure
594 797 727 860 relictam
739 814 748 854 t

112 904 184 969 Non
199 928 255 990 ego
270 929 335 969 sum
346 907 433 969 titulis
447 904 633 988 subripienda
646 901 713 963 tuis.
979 897 1033 957 130

68 1006 101 1071 N
102 1030 138 1071 cc
151 1022 235 1092 pater
250 1026 294 1073 est
307 1010 422 1094 AEgeus
434 1032 443 1088 3
457 1030 514 1073 nec
528 1023 560 1071 tu
570 1006 735 1069 Pittheidos
754 1002 865 1066 AEthrae

113 1110 205 1176 Filius
218 1135 226 1175 τ
240 1127 375 1177 auctores
389 1134 461 1175 saxa
476 1112 641 1192 fretumque
656 1110 707 1170 tui.

69 1215 113 1280 Di
127 1216 267 1295 facerent,
280 1233 313 1281 ut
325 1240 375 1281 me
389 1216 507 1282 summis
520 1215 558 1277 de
573 1236 672 1298 puppe
687 1214 823 1276 videres!

115 1320 256 1386 Movisset
269 1325 363 1385 vultus
377 1336 482 1385 moesm
495 1322 588 1404 figura
601 1332 677 1381 tuos.

69 1424 160 1489 Nunc
175 1448 291 1510 quoque
307 1449 365 1489 non
380 1428 482 1503 ocula,
498 1427 560 1500 sed,
577 1424 741 1508 qula‘potes,
757 1421 877 1506 adspice
897 1436 995 1485 menta

113 1530 283 1594 Haerentem
300 1532 430 1615 scopulo,
447 1552 535 1614 quem
550 1551 624 1613 vaga
637 1530 733 1613 pulsat
746 1548 833 1610 aqua.
976 1529 1030 1588 136

70 1636 202 1720 Adspice
215 1637 357 1700 demissos
371 1636 496 1718 lugentis
506 1636 534 1698 iu
549 1657 601 1700 ore
611 1634 752 1718 capillos3

113 1739 155 1801 Et
168 1742 282 1804 tunicas
295 1741 442 1822 lacrymis,
457 1739 531 1803 sicut
546 1741 583 1801 ab
596 1740 701 1814 imbre,
716 1759 829 1821 graves.

70 1840 197 1924 Corpus,
212 1858 244 1905 ut
254 1844 383 1924 impulsae
399 1856 515 1926 segetes
529 1842 733 1926 Aquilonibus,
747 1842 865 1905 horret:

112 1945 273 2029 Literuque
289 1945 410 2009 articulo
426 1967 526 2029 pressa
540 1960 686 2009 tremente
700 1946 790 2008 labat.
975 1950 1031 2009 140

68 2048 139 2112 Nou
155 2064 183 2112 te
197 2072 250 2134 psr
264 2050 411 2127 meritum,
427 2051 564 2134 quoniam
578 2050 654 2113 male
669 2051 767 2126 cessit,
783 2051 884 2113 adoro.

112 2155 221 2217 Debita
235 2156 271 2218 sit
286 2155 363 2220 sacto
377 2157 467 2240 gratia
482 2158 560 2221 nulla
574 2180 664 2222 meo:

69 2258 132 2323 Sed
147 2281 202 2323 uec
217 2281 306 2344 poena
321 2262 451 2345 quidem.
497 2263 602 2328 Sinon
617 2285 673 2346 ego
688 2285 778 2327 causa
797 2263 906 2339 salutis,

112 2364 182 2427 Non
197 2379 295 2429 tamen
310 2382 364 2443 est,
379 2390 432 2430 cur
443 2369 481 2431 sis
495 2382 526 2431 tu
542 2370 611 2432 mihi
626 2390 716 2432 causa
728 2368 819 2430 neeis.

69 2464 136 2532 Has
149 2469 209 2544 tibi,
225 2471 390 2553 plangendo
405 2473 537 2553 lugubria
551 2487 671 2556 pectora
684 2473 784 2546 lassaS,
974 2475 1030 2535 145

111 2570 214 2634 lnselix
229 2573 318 2634 tendo
332 2572 497 2636 transfreta
512 2577 598 2656 longa
613 2598 724 2639 manus.

68 2673 135 2737 Hos
149 2675 208 2750 tibi,
224 2677 272 2757 qui
287 2691 434 2760 superant,
450 2679 572 2741 ostendo
585 2694 690 2743 moestu
710 2684 840 2765 capillos.

111 2777 173 2840 Per
186 2779 332 2864 lacrymas
345 2804 408 2858 oro,
424 2803 497 2866 quas
512 2799 560 2847 tua
576 2783 654 2848 sacta
667 2802 806 2850 movent:

68 2883 173 2949 Flecte
187 2900 291 2963 ratem,
305 2887 428 2951 Theseu
440 2911 450 2967 ;
465 2911 607 2974 versoque
622 2892 754 2956 relabere
769 2894 845 2958 velo.

112 2989 145 3054 Si
159 2991 239 3077 priris
252 2994 454 3074 occider03tu
469 3007 568 3064 tameu
581 3018 647 3062 ossa
661 2998 752 3082 leges.
972 3004 1030 3061 150
