2264 4042
72 253 112 314 aa
360 229 738 300 marmoarnosaon

72 405 193 472 Arduus
207 405 236 466 in
250 402 344 465 nubes
359 402 437 464 abiit.
483 400 526 465 Ut
539 403 568 464 in
589 421 705 485 aequore
721 417 838 462 summo

72 511 188 575 Umbra
202 509 253 571 viri
268 508 330 571 visa
344 522 398 584 est,
413 508 505 570 visam
520 505 583 570 fera
598 507 678 570 saevit
693 505 721 567 in
736 503 882 566 umbram.

72 615 174 699 thue
189 613 271 675 Jovis
286 634 410 696 praepeS,
424 633 520 675 vacuo
534 611 604 675 cirm
620 611 692 673 vidit
705 610 735 671 in
749 628 820 671 arvo
983 607 1052 667 350

72 720 261 784 Praebentem
276 716 389 780 Plraebo
403 717 522 780 liventia
535 730 618 799 terga
632 716 804 788 draconem,
1065 698 1073 705 ⁵

74 825 213 908 Occupat
228 844 385 886 aversum:
407 845 466 885 neu
481 844 558 886 saeva
572 833 742 905 retorqueat
754 839 816 893 ora,

76 929 277 1013 squamigeris
294 929 394 993 avidos
408 928 470 1011 srgit
483 928 648 992 cervicibus
662 946 797 1009 ungues:

76 1035 128 1098 Sic
143 1035 232 1097 celeri
247 1035 349 1097 fissum
364 1056 478 1117 praepes
493 1055 547 1116 per
558 1034 645 1095 inane
657 1032 758 1094 volatu

74 1140 178 1224 Terga
192 1139 260 1203 serae
276 1139 398 1224 pressit:
421 1139 586 1222 dextroque
601 1136 752 1200 frementis
762 1137 793 1198 in
807 1155 889 1198 armo
978 1135 1053 1204 ,355

76 1246 233 1310 Inachides
247 1245 357 1309 sermm
371 1266 462 1308 curvo
477 1259 563 1306 tenus
578 1243 689 1306 abdidit
703 1243 802 1305 hamo.
1082 1238 1085 1243 ’

75 1349 208 1414 Vulnere
224 1351 292 1412 laesa
306 1349 396 1433 gravi,
411 1348 501 1411 modd
514 1371 545 1412 se
561 1348 691 1411 sublimis
705 1347 735 1409 in
750 1368 836 1410 auras
861 1399 865 1407 .

74 1457 206 1521 Attollit:
229 1456 319 1518 modi)
334 1455 431 1520 subdit
445 1455 527 1540 aquis
540 1477 548 1516 τ
571 1454 661 1517 modd
675 1475 759 1516 more
774 1451 880 1517 ferocis

77 1557 186 1626 Versat
197 1563 268 1646 apri,
283 1583 372 1646 quem
387 1550 472 1624 trube
487 1582 595 1624 canum
609 1560 794 1623 circumsona
809 1571 909 1623 terret.
991 1562 1022 1615 .’
1060 1593 1064 1601 ‹

77 1669 131 1731 Ille
147 1669 247 1730 avidos
258 1689 373 1729 morsus
387 1667 537 1729 velocibus
552 1666 653 1748 effugit
668 1666 738 1728 aiis:
987 1665 1055 1727 360
1087 1663 1090 1668 ’

79 1771 210 1854 Quisque
224 1784 335 1853 patent,
349 1790 428 1831 nuuc
443 1781 523 1851 terga
539 1769 619 1830 cavis
633 1791 722 1850 super
736 1770 830 1830 obsita
845 1767 977 1846 conchis

78 1877 111 1941 N
112 1899 169 1938 unc
183 1877 308 1937 laterum
322 1886 429 1949 costas,
444 1896 522 1935 nunc
538 1872 598 1957 quai
611 1873 780 1936 tenuissima
795 1875 893 1937 cauda

79 1980 196 2045 Desinit
206 1979 236 2041 in
250 1979 373 2064 piscem,
388 1975 495 2042 falcato
510 1978 642 2041 vulnerat
656 2000 738 2042 ense.

80 2086 188 2150 Bellus
202 2085 339 2170 poeniceo
353 2084 454 2148 mistos
469 2105 538 2148 cum
553 2084 692 2168 sanguine
707 2084 814 2148 fluctus

79 2192 143 2257 Ore
157 2190 257 2255 vomit.
303 2188 450 2254 Maduere
465 2211 569 2274 graves
585 2191 758 2274 adspergine
774 2211 888 2274 penna.
955 2171 959 2178 ⁵
991 2197 1059 2258 365

79 2298 148 2364 Nec
162 2297 267 2361 bibulis
281 2295 356 2360 ultra
370 2295 500 2361 Perseus
513 2296 651 2360 talaribus
666 2319 753 2360 ausus

80 2403 217 2470 Credere
230 2426 239 2482 3
254 2404 409 2486 conspexit
423 2405 598 2486 scopulum:
622 2403 671 2488 qui
685 2404 795 2467 vertice
810 2425 926 2468 summo

80 2509 229 2572 Stantibus
244 2506 305 2568 exit
319 2505 422 2586 aquis3
444 2508 574 2587 operitur
589 2509 626 2568 ab
642 2529 758 2591 aequore
773 2523 864 2572 moto.

80 2611 180 2676 Nixus
195 2632 242 2686 eo,
257 2608 396 2691 rupisque
410 2621 514 2671 tenens
522 2607 596 2693 juga
609 2610 705 2692 prima
716 2611 837 2688 sinistrd,

81 2716 146 2781 Ter
160 2729 263 2801 quater
277 2713 377 2796 exegit
390 2702 513 2796 repetita
526 2735 580 2798 per
594 2714 642 2777 iiia
657 2713 778 2780 ferrum.
989 2727 1056 2787 370

125 2821 240 2884 Littora
254 2838 323 2883 cum
338 2819 441 2902 plausu
456 2819 568 2883 clamor
582 2842 762 2908 superasque
777 2825 902 2890 deorum

79 2927 246 3011 implevere
261 2924 375 2990 domos.
421 2924 570 3003 Gaudent,
585 2948 787 3014 generumque
802 2932 935 3009 salutant,

80 3031 303 3115 Auxiliumque,
318 3029 424 3095 domris
439 3045 676 3118 servatoremque
691 3034 817 3100 fatentur

82 3137 239 3222 Cassiope,
255 3136 456 3221 Cepheusque
471 3151 565 3223 pater.
611 3140 757 3205 Resoluta
770 3141 882 3204 catenis

81 3241 197 3307 Incedit
210 3243 301 3325 virgo,
312 3243 497 3328 pretiumque
512 3257 543 3308 et
557 3265 647 3308 causa
661 3245 777 3310 laboris.
920 3283 925 3293 ·
989 3255 1055 3315 375

126 3345 185 3411 Dis
198 3348 289 3410 tribus
303 3346 350 3410 ille
365 3345 448 3412 focos
462 3350 585 3412 totidem
600 3351 639 3412 de
654 3351 765 3434 cespite
779 3353 880 3436 ponit3

82 3451 207 3518 Laevum
218 3449 379 3527 Mercurio,
394 3451 533 3516 dextmm
547 3453 608 3529 tibi,
624 3453 729 3530 bellica
743 3456 825 3540 virgo
837 3480 847 3537 3

81 3557 145 3620 Ara
158 3551 240 3617 Jovis
254 3553 353 3616 media
367 3567 422 3617 est.
468 3554 616 3620 Mactatur
629 3578 723 3621 vacca
736 3557 888 3641 Minervae,

59 3659 192 3748 Adpedi
206 3659 315 3728 rioilus
322 3683 336 3745 ,¹
359 3675 464 3730 taurus
477 3661 540 3742 tibi,
556 3683 674 3730 summe
686 3664 825 3730 deorum.
