2264 4042
501 244 616 303 LIBER
634 244 685 302 Xl.
1025 249 1084 309 107

106 399 191 465 Huic
205 423 275 464 cum
288 401 457 486 pignoribus
471 402 587 481 domus,
601 418 633 467 et
646 402 725 489 quod
741 402 848 486 cuique
862 400 997 465 relictum
1017 413 1074 463 est.

108 504 268 591 Halcyone
284 506 389 591 Ce'yca
403 523 523 572 movet:
545 508 656 592 Cdycis
668 508 699 572 in
712 530 765 572 ore
1024 509 1080 568 181

108 613 201 677 Nulla
215 614 269 677 nisi
285 612 523 698 Halcyone-est:
546 629 586 692 et,
601 614 671 677 crim
685 615 834 678 desideret
847 633 947 689 unam,

108 718 231 782 Gaudet
246 721 350 784 abesse
364 734 476 784 tamen.
522 721 630 784 Patria
646 741 764 804 quoque
778 720 867 783 vellet
880 719 921 782 ad
934 739 1003 782 oras

107 826 285 911 Respicere,
300 829 389 912 inque
405 830 527 892 domurn
542 848 697 911 supremos
707 839 823 891 vertere
837 825 943 889 vultus.

93 916 223 996 'Verirm
237 936 288 998 ubi
302 936 338 999 sit
352 935 456 998 nescit.
500 932 601 996 Tanti
614 931 755 1015 vertigine
768 944 876 1015 pontus
1021 933 1081 993 185

107 1037 241 1103 Fervet:
262 1055 294 1103 et
306 1039 427 1104 inductb
440 1040 532 1125 piceis
546 1061 564 1103 e
578 1039 704 1103 nubibus
718 1035 825 1101 umbri:

106 1142 208 1208 Omne
223 1146 295 1208 latet
308 1147 440 1209 coelum:
462 1146 668 1230 duplicataque
682 1144 777 1207 noctis
789 1144 889 1229 imago
903 1158 960 1207 est.
986 1144 1016 1196 1(

149 1247 308 1334 Frangitur
322 1252 438 1315 incursu
453 1251 578 1315 nimbosi
591 1251 714 1314 turbinis
729 1251 837 1313 arbos:

106 1354 265 1439 Frangitur
279 1372 309 1420 et
323 1358 478 1440 regimen:
500 1357 658 1443 spoliisque
673 1357 804 1419 animosa
818 1367 989 1440 superstans

104 1459 208 1538 Unda,
223 1462 304 1525 velut
316 1463 431 1540 victrix,
442 1464 571 1529 sinuatus
585 1463 710 1546 despicit
719 1462 825 1523 undas.
1022 1462 1083 1522 190

105 1565 176 1629 Nec
190 1567 294 1645 levius,
310 1569 400 1651 quam
414 1569 439 1631 si
453 1569 519 1650 quis
535 1568 645 1642 Athon,
660 1565 839 1641 Pindumve,
853 1564 985 1627 revulsos

107 1671 189 1735 Sede
206 1672 270 1749 sui,
285 1687 361 1735 totos
375 1673 405 1734 in
420 1685 554 1756 apertum
569 1672 706 1735 everterit
717 1692 826 1755 aequor,

104 1774 293 1862 Praecipitata
306 1778 384 1840 ruit:
405 1778 572 1861 pariterque
587 1791 617 1840 et
630 1777 763 1862 pondere
778 1792 808 1840 et
821 1778 882 1841 ictu

106 1881 218 1967 Mergit
231 1885 264 1945 in·
275 1884 335 1946 ima
348 1897 462 1946 ratem:
484 1905 554 1947 curn
565 1884 625 1967 qud
638 1906 706 1967 pars
720 1904 829 1966 magna
842 1884 971 1949 virorum

106 1987 231 2072 Gurgite
246 2010 349 2073 pressa
362 1989 453 2072 gravi,
467 2011 565 2073 nsque
579 1989 609 2052 in
624 1993 695 2053 adra
708 1990 834 2065 reddita,
848 1988 910 2053 sato
1021 1992 1079 2053 195

104 2091 223 2157 Functa
237 2117 290 2157 suo
305 2109 359 2159 est.
404 2095 465 2159 Alii
480 2110 578 2180 partes
593 2108 624 2157 et
636 2095 772 2157 membra
794 2095 909 2157 earinae'

104 2196 228 2263 Trunca
238 2214 349 2265 tenent.
392 2199 496 2263 Tenet
508 2202 572 2285 ipse
586 2220 686 2276 manu,
702 2199 762 2284 quia
775 2212 892 2281 sceptra
903 2198 1026 2275 solebat,

103 2302 385 2390 Fragminaunavigii
400 2305 502 2389 Ceyx,
524 2325 722 2387 socerumque
744 2316 918 2387 patremque

104 2409 226 2475 Invocat
242 2411 351 2497 (beni)
366 2411 482 2475 furstri.
529 2409 593 2473 Sed
606 2410 732 2494 plurima
746 2409 842 2473 nantis
854 2409 947 2473 inore

104 2514 262 2602 Halcyone
278 2517 399 2602 conjux.
443 2516 528 2580 lllam
542 2516 732 2602 meminitque
746 2513 917 2600 refertque:
1017 2519 1082 2579 200

103 2620 184 2687 Illius
198 2639 266 2687 ante
280 2623 383 2686 ocrrlos
396 2636 430 2686 ut
443 2637 533 2706 agant
545 2644 598 2687 sua
611 2644 737 2707 corpora
751 2620 873 2701 fluctus,

104 2728 218 2814 Optat:
241 2744 271 2792 et
285 2730 430 2793 exanimis
444 2730 579 2793 manibus
593 2730 753 2793 tumuletur
766 2730 880 2795 amicis.

60 2890 68 2899 .
86 2832 187 2899 Dum
202 2849 303 2916 natat3
326 2838 490 2913 absentem,
505 2837 620 2919 quoties
634 2836 700 2899 sinit
709 2837 825 2900 hiscere
841 2836 963 2921 fluctus,

87 2938 248 3005 Nominat
262 2940 450 3025 Halcyonen,
465 2942 592 3025 ipsisque
608 2943 812 3005 immurmurat
826 2942 921 3005 undis.

71 3068 75 3077 ·
103 3044 190 3111 Ecce
205 3040 294 3131 super
307 3048 423 3111 medios
437 3046 544 3109 fluctus
557 3047 640 3129 niger
655 3068 742 3109 arcus
756 3067 899 3129 aquarum
1015 3051 1077 3109 205

55 3226 58 3233 Ι
103 3149 280 3236 Frangitur:
302 3167 333 3216 et
345 3151 432 3238 rupti
445 3173 577 3215 mersum
592 3166 683 3236 caput
695 3152 791 3215 obruit
801 3149 891 3213 unda.

81 3338 85 3343 1
103 3256 228 3323 Lucifer
242 3260 393 3336 obscurus,
408 3280 465 3322 nee
481 3279 571 3342 quem
586 3278 767 3342 cognoscere
780 3278 894 3341 posses,

103 3360 157 3425 ula
171 3376 260 3449 nocte
273 3362 346 3426 fuit:
368 3365 565 3449 quoniamque
580 3363 730 3429 excedere
746 3364 877 3449 Olympo

105 3467 175 3533 Non
190 3470 281 3547 licuit,
297 3471 396 3534 densis
407 3472 483 3535 texit
497 3492 550 3535 sun
564 3468 690 3533 nubibus
704 3491 767 3532 ora.

147 3575 245 3639 AEolis
255 3576 368 3639 interea
381 3588 527 3640 tantorum
541 3576 643 3662 ignara
656 3576 803 3644 malorum
1016 3580 1082 3637 ‘lm

97 3678 280 3743 Dinumeret
289 3696 396 3747 noctes
409 3706 419 3746 :
440 3697 471 3749 et
477 3684 557 3773 jam,
574 3708 653 3775 quas
665 3687 775 3761 induat
785 3685 852 3761 ille,
