2264 4042
97 272 158 333 102
410 258 794 327 mmmnosnon‘

94 422 278 511 Hesperidas
293 427 418 493 donisse
432 441 530 514 putes.
577 424 612 490 Si
625 423 756 509 postibus
771 419 839 482 altis·

92 530 235 595 Admovit
249 533 353 617 digitos
366 558 375 614 ;
396 547 496 619 posteo
512 531 630 597 rad'nre
645 528 790 592 videntur.

92 635 145 701 llle
161 639 250 703 etiam
264 640 380 724 liquidis
393 641 508 725 palmas
521 638 572 701 ubi
586 637 698 703 laverat
711 632 808 708 undis,

93 739 186 807 Unda
200 744 295 810 fluens
308 747 415 831 palmis
429 745 557 810 Danaen
572 743 693 808 eludere
708 750 819 825 posset.

137 847 199 914 Vix
214 873 283 936 spes
296 852 360 938 ipse
374 875 443 917 suas
457 852 556 917 animo
567 849 656 934 capit,
672 867 761 911 aurea
775 843 890 926 fingens
1037 844 1080 904 3'0

93 953 214 1020 Omnia.
261 958 411 1023 Gaudenti
426 969 543 1022 mensas
557 955 684 1042 posuere
699 949 831 1026 ministri,

96 1060 276 1127 Exstructas
291 1064 427 1148 dapibus,
441 1086 499 1127 nec
513 1076 594 1126 tostae
607 1059 697 1142 frugis
712 1070 846 1141 egentes.

92 1165 177 1233 Tum
192 1168 274 1247 verb,
290 1170 351 1233 sive
365 1169 414 1234 ille
429 1168 485 1235 sub
498 1166 640 1232 Cerealia
653 1161 762 1229 dextri

93 1272 221 1339 Munera
235 1276 406 1360 contigerat,
422 1273 560 1339 Cerealia
575 1271 654 1336 doua
666 1269 810 1353 rigebant.

93 1376 164 1442 Sive
181 1379 273 1465 dapes
288 1380 374 1445 avido
388 1381 555 1445 convellere
571 1379 660 1442 dente
676 1375 808 1462 parabat,
1034 1376 1077 1437 35

92 1483 221 1550 Lamina
235 1486 314 1551 fulva
328 1488 421 1572 dapes
435 1488 556 1552 adrnoto
570 1487 658 1549 dente
672 1483 813 1547 nitebant.

92 1588 258 1657 Miscuerat
271 1595 352 1680 puris
367 1608 521 1658 auctorem
535 1591 666 1657 muneris
680 1588 777 1663 undis,

92 1695 121 1760 F
123 1699 194 1761 usile
209 1721 264 1783 per
277 1700 368 1763 rictus
382 1720 487 1762 aurum
502 1699 615 1762 fluitare
630 1697 757 1759 videres.

132 1802 282 1867 Attonitus
295 1804 423 1867 novitme
438 1804 518 1880 mali,
533 1803 685 1885 divesque,
704 1800 853 1883 miserque

88 1905 233 1991 Effirgere
248 1921 329 1992 optat
344 1929 439 1991 opes:
460 1923 502 1986 et,
517 1929 582 1993 que
597 1905 689 1970 modb
702 1919 833 1982 voverat,
848 1904 920 1975 odit.
1028 1911 1075 1975 40

90 2010 188 2098 Copia
202 2014 282 2076 nulla
296 2011 408 2077 samem
422 2013 555 2091 relevatr
577 2013 637 2078 sitis
652 2011 735 2076 arida
745 2025 844 2096 guttur

88 2116 165 2197 Urit,
182 2134 212 2184 et
225 2121 318 2184 inviso
332 2121 454 2186 meritus
468 2134 619 2205 torquetur
634 2120 672 2183 ab
686 2140 770 2182 auro.

86 2227 137 2290 Ad
153 2228 323 2314 coelumque
337 2250 442 2293 manus
456 2242 488 2291 et
501 2227 658 2314 splendida
671 2226 794 2291 brachia
807 2226 921 2303 tollens,

89 2333 161 2398 ‘Da
175 2337 302 2413 veniam,
318 2335 431 2400 Lenee
445 2350 548 2421 pater3
570 2333 782 2421 peccavimus'
796 2332 910 2417 inquit:

89 2439 174 2502 ‘Sed
190 2442 342 2516 miserere,
357 2463 474 2524 precor,
491 2440 782 2525 speciosoqueeripe
800 2438 931 2505 damno)
1025 2447 1071 2513 46

86 2544 162 2608 Mite
178 2545 269 2608 deirm
282 2567 393 2608 numen
408 2545 550 2607 Bacchus
563 2545 707 2628 peccisse
722 2544 863 2609 latentem

89 2648 235 2727 Restituit,
250 2665 427 2736 pactamque
442 2649 545 2726 fidem,
562 2650 631 2712 data
644 2671 778 2728 munera,
793 2651 889 2720 solvit.
1003 2696 1008 2705 -

87 2754 194 2820 ‘Neve
210 2755 288 2818 male
303 2769 403 2838 optato
417 2776 540 2819 maneas
554 2755 734 2818 circumlitus
749 2777 832 2835 auro,

85 2859 195 2938 Vade‚’
211 2861 259 2938 ait,
276 2860 333 2924 ‘ad
347 2861 462 2946 magnis
477 2861 607 2925 vicinum
620 2860 765 2927 Sardibus
781 2885 924 2945 amnem3

86 2965 206 3053 Perque
227 2968 333 3054 jugum
348 2969 455 3033 montis
469 2969 632 3033 labentibus
647 2970 750 3034 obvius
764 2971 850 3035 undis
1023 2976 1071 3037 50

88 3069 189 3159 Carpe
203 3074 302 3156 viam3
323 3076 422 3140 donec
437 3075 537 3140 venias
553 3076 591 3139 ad
605 3075 733 3141 fluminis
747 3090 838 3141 omre.

86 3169 316 3266 Spumifemque
330 3196 413 3245 nrum
428 3181 510 3259 sonti,
525 3182 584 3266 quai
597 3184 739 3268 plurimus
753 3183 824 3258 exit,

87 3284 190 3349 Subde
206 3300 316 3372 caput:
337 3309 504 3373 corpusque
520 3289 616 3366 simul,
632 3289 718 3353 simul
732 3289 800 3351 elue
815 3291 950 3357 crimen-³

85 3390 157 3455 Rex
167 3392 257 3478 jussae
272 3394 406 3457 succedit
420 3416 516 3479 aquae.
559 3392 615 3459 Vis
629 3416 720 3458 aurea
733 3393 818 3459 tinxit

85 3496 224 3575 Flumen,
239 3514 270 3564 et
283 3501 414 3564 humano
428 3502 467 3565 de
482 3522 606 3587 corpore
622 3501 711 3566 cessit
724 3502 754 3565 iu
768 3525 898 3568 amnem.
1020 3512 1065 3575 bb

67 3604 166 3671 Nunc
181 3627 304 3695 quoque
311 3605 378 3696 jam
395 3607 504 3673 veteris
517 3621 662 3694 percepto
675 3609 790 3673 sernure
805 3630 889 3689 uene

44 3710 136 3778 Atre
149 3715 262 3802 rigent,
279 3740 360 3795 euro
374 3716 516 3788 madidis
527 3716 678 3809 pallentia
689 3716 800 3804 glebis.
