2264 4042
87 282 147 343 140
394 274 770 335 medemnosnort

84 433 257 508 Decertare,
271 431 388 514 placet3
408 432 589 516 Tatiumque
603 434 748 498 accedere
763 454 865 516 regno.
994 436 1041 495 155

127 536 288 600 Occiderat
300 536 414 613 Tatius,
429 540 601 622 populisque
616 553 729 622 equata
743 540 869 614 duobus,

10 716 13 721 Ι
83 640 223 718 Romule,
233 643 300 727 jura
316 644 426 705 dabas:
447 645 540 725 positi
554 644 624 705 ciam
638 644 752 707 casside
770 643 894 706 Mavors

81 746 204 810 Talibus
219 748 321 810 affatur
334 748 493 831 divrimqne
514 749 724 831 hominumque
740 763 915 832 parentem:

84 850 239 933 ‘Tempus
254 852 346 927 adest,
361 852 482 934 genitor,
500 850 651 936 (quoniam
666 851 835 915 fundamine
850 871 959 935 magno

83 954 148 1018 Res
164 955 300 1017 Romana
314 957 399 1031 valet,
414 978 470 1019 nec
484 958 608 1039 praeside
624 959 733 1039 pendet
748 958 784 1020 ab
800 956 876 1042 uuo)
992 957 1043 1021 160

82 1058 218 1136 Praemia,
235 1081 298 1141 quae
313 1061 454 1142 promissa
469 1061 539 1123 mihi
554 1062 701 1144 dignoque
716 1063 826 1146 nepoti,

82 1163 215 1240 Solvere,
231 1178 260 1226 et
275 1165 401 1225 ablatum
415 1163 499 1226 terris
520 1165 670 1246 imponere
685 1169 774 1229 coelo.

81 1267 132 1330 Tu
148 1269 215 1330 mihi
231 1268 353 1330 concilio
368 1267 516 1350 quondam
527 1283 668 1349 presente
684 1270 818 1349 deorum,

83 1371 178 1457 (Nam
195 1394 336 1447 memoro,
351 1373 533 1455 memorique
550 1374 646 1436 animo
662 1374 710 1456 pia
724 1375 814 1437 verba
828 1376 941 1461 notavi)

81 1476 198 1540 “Unus
213 1478 275 1553 erit,
291 1498 379 1559 quem
395 1490 425 1539 tu
439 1477 522 1539 tolles
536 1476 566 1539 in
580 1477 687 1539 cerula
701 1478 799 1552 ooeli,”
983 1482 1042 1545 tot

80 1580 198 1645 Dixisti.
244 1582 322 1644 Rata
337 1581 372 1644 sit
385 1583 539 1644 verborum
555 1603 670 1644 summa
680 1582 820 1644 tuorum?

123 1687 234 1748 Annuit
248 1686 440 1767 omnipotens,
456 1700 486 1747 et
499 1687 625 1749 nubibus
645 1690 714 1749 aera
728 1687 814 1755 caeeis

80 1788 228 1861 occuluit,
244 1788 406 1868 tonitruque
422 1801 452 1847 et
465 1786 576 1868 fulgure
591 1790 692 1849 terruit
706 1788 831 1852 Urbem.

79 1890 155 1965 Quae
172 1891 224 1952 sibi
238 1877 384 1972 piomissae
401 1891 488 1952 sensit
499 1892 568 1952 data
581 1891 662 1972 signa
675 1893 793 1974 rapinae,
901 1940 905 1945 -

76 1996 255 2078 Innixusque
268 1994 368 2069 hastae,
383 2015 498 2077 pressos
508 2008 626 2056 temone
641 2013 761 2061 cruento

77 2099 246 2184 Impavidus
259 2100 428 2162 conscendit
443 2121 534 2182 equos
549 2099 704 2178 Gradivus,
720 2118 750 2164 et
763 2104 822 2166 ictu

76 2204 216 2270 Verberis
230 2205 392 2286 increpuit:
414 2226 596 2287 pronumque
612 2228 665 2289 per
680 2210 748 2270 aira
762 2209 861 2292 lapsus

77 2310 212 2376 Constitit
222 2310 250 2370 in
265 2331 381 2371 summo
396 2309 541 2371 nemorosi
556 2310 630 2371 colle
643 2309 759 2373 Palati:

73 2415 322 2494 Reddentemque
339 2435 391 2474 suo
401 2413 464 2494 jam
479 2413 558 2494 regia
564 2413 631 2494 jura
642 2414 749 2487 Quiriti

76 2518 203 2582 Abstulit
214 2516 336 2578 lliaden.
382 2513 499 2597 Corpus
510 2519 631 2578 mortale
642 2541 696 2599 per
711 2542 795 2584 auras
986 2533 1039 2590 175

75 2620 230 2702 Dilapsum
244 2632 367 2680 tenues:
390 2637 445 2678 ceu
461 2616 518 2676 latai
532 2618 670 2697 plumbea
685 2621 777 2687 sundal

74 2724 166 2787 Missa
180 2722 252 2784 solet
266 2719 365 2781 medio
379 2719 459 2800 glans
474 2719 655 2785 intabescere
670 2727 757 2789 coelo.

72 2827 202 2891 Pulchra
216 2823 291 2886 subit
305 2821 404 2898 facies,
420 2837 450 2885 et
464 2825 658 2906 pulvinaribus
673 2831 735 2894 altis

72 2931 206 3014 Dignior,
223 2943 251 2991 et
267 2927 358 3012 qualis
370 2929 490 2991 trabeati
505 2929 597 2993 forma
613 2932 738 3007 Quirini.

115 3035 221 3099 Flebat
234 3048 266 3097 ut
279 3033 417 3128 amissum
431 3035 561 3120 conjnx;
583 3039 651 3102 cirm
666 3042 744 3125 regia
758 3041 836 3109 Juno
982 3055 1038 3114 180

73 3144 132 3211 Irin
147 3142 185 3204 ad
201 3139 357 3202 Hersiliam
373 3141 554 3205 descendere
570 3145 658 3209 limite
673 3169 763 3211 curvo

72 3247 220 3328 Imperat:
243 3258 271 3306 et
282 3266 381 3306 vacuae
396 3246 503 3309 suasio
518 3250 656 3311 mandata
673 3250 792 3315 reserre.

72 3352 123 3415 ‘O
138 3365 167 3412 et
178 3351 215 3411 de
231 3348 327 3424 Latii,
341 3370 359 3409 o
375 3364 404 3410 et
419 3350 456 3412 de
471 3366 557 3432 gente
574 3351 683 3415 Sabina

67 3457 263 3537 Praecipuum,
278 3467 418 3528 matrona,
435 3455 546 3533 decus3
568 3456 736 3538 dignissima
755 3467 825 3528 tenti

67 3562 145 3626 Ante
161 3559 245 3621 fuisse
257 3558 319 3632 viri,
334 3559 441 3642 conjux
456 3581 532 3622 nunc
547 3581 614 3624 esse
625 3561 761 3647 Quirini3
977 3581 1034 3646 185

69 3668 144 3730 Siste
158 3678 224 3747 tuos
237 3661 343 3725 fletus:
365 3677 403 3737 et,
419 3663 442 3727 si
456 3664 506 3727 tibi
520 3687 591 3732 cura
604 3670 722 3738 videndi
