2264 4042
492 269 608 330 mun
625 270 676 330 ΠΙ.

102 428 195 495 Cedit
208 429 393 514 Agenorides
405 429 548 515 paulirm:
570 431 722 516 spolioque
735 431 828 497 leonis

102 533 234 599 Sustinet
247 533 399 614 incurara3
420 533 615 618 instantiaque
628 556 681 600 ora
694 534 826 600 retardat

101 634 235 721 Cuspide
246 635 397 721 pretenta.
442 632 528 700 Furit
540 636 600 715 ille,
615 650 645 701 ct
659 637 757 701 inania
769 637 846 701 duro
1032 638 1074 702 do

100 740 234 806 Vulnera
247 742 298 806 dat
311 740 406 806 semo:
427 740 591 827 frangitque
605 743 635 806 in
646 743 783 807 acumine
797 743 912 809 dentes.

99 846 228 933 Jamque
242 847 414 912 venenifero
428 848 547 932 sangis
560 869 683 912 manare
696 848 796 933 palato

101 951 265 1039 Coeparat3
287 967 317 1018 et
330 952 439 1017 virides
452 953 628 1038 adspergine
642 952 770 1018 tinxerat
782 953 909 1019 herbas:

102 1063 165 1129 Sed
179 1066 246 1129 leve
260 1066 366 1130 vulnus
380 1079 444 1129 erat
460 1087 468 1128 τ
491 1066 558 1150 quia
573 1087 607 1130 se
620 1066 789 1130 retrahebat
804 1067 841 1131 ab
855 1067 937 1146 ictu3

100 1168 247 1254 Lassaque
262 1171 337 1235 colla
352 1170 441 1234 dabat
454 1185 554 1252 retr03
575 1173 754 1256 plagamque
769 1172 877 1237 sedere
1033 1176 1073 1236 65

99 1272 248 1340 Cedendo
263 1276 392 1354 arcebat,
406 1298 464 1340 nec
477 1276 593 1360 longius
605 1277 648 1340 ire
663 1277 795 1342 sinebat:

100 1379 208 1446 Donec
221 1381 409 1466 Agenorides
422 1380 592 1467 conjectum
605 1382 635 1445 in
649 1395 766 1467 gutttrre
780 1381 892 1448 serrum

100 1482 204 1572 Usque
219 1508 347 1572 sequens
360 1487 475 1571 pressit,
490 1487 563 1550 dum
576 1501 656 1550 retro
670 1507 798 1571 quercus
811 1488 893 1551 eunti

100 1591 238 1672 Obstin't3
261 1606 292 1656 et
305 1593 369 1655 lixa
383 1605 428 1654 est
441 1591 549 1675 pariter
563 1613 634 1654 cum
648 1593 754 1655 robore
768 1592 880 1657 cervix.

101 1695 239 1764 Pondere
255 1697 399 1782 serpentis
413 1709 534 1760 curvata
544 1710 589 1759 est
603 1696 698 1775 arbor,
713 1696 827 1763 etinte
1033 1703 1074 1763 70

101 1799 189 1868 Parte
204 1802 344 1888 flagellari
359 1802 470 1887 gemuit
484 1824 538 1866 sua
551 1802 658 1867 robora
672 1803 787 1867 caude.

139 1904 226 1969 Dum
240 1904 367 1990 spatium
380 1904 472 1968 victor
486 1904 554 1968 victi
567 1904 734 1970 considerat
747 1905 837 1971 hostis
848 1931 858 1989 3

63 2052 69 2069 .
101 2009 169 2076 Vox
184 2011 281 2076 subito
295 2011 393 2075 audita
404 2027 467 2076 est:
491 2009 603 2099 (neque
619 2031 683 2080 erat
696 2035 878 2098 cognoscere
889 2028 1059 2101 promptum

100 2114 209 2198 Unde3
231 2117 284 2181 sed
300 2118 398 2182 audita
412 2116 471 2203 est)
509 2116 624 2196 ‘Quid
636 2121 776 2205 Agenore
791 2135 870 2199 nate,
885 2136 1072 2210 peremptum

103 2221 279 2309 Serpentem
293 2222 435 2307 spectas?
459 2238 489 2287 et
498 2237 530 2287 tu
545 2230 719 2310 spectabere
734 2227 878 2308 serpens.'
1031 2230 1072 2288 75

101 2324 152 2390 llle
168 2326 218 2389 diu
233 2327 367 2411 pavidus,
382 2327 491 2410 pariter
505 2348 576 2388 cum
589 2340 690 2389 mente
704 2326 837 2391 colorem

100 2430 294 2512 Perdiderat;
316 2430 472 2515 gelidoque
487 2450 580 2492 comae
595 2443 706 2493 terrore
720 2430 862 2514 rigebant.

141 2533 230 2600 Eece
243 2533 297 2597 viri
312 2531 428 2610 fautrix,
443 2554 565 2618 superas
579 2533 700 2618 delapsa
713 2555 768 2619 per
783 2556 878 2611 auras,

101 2637 199 2706 Pallas
214 2641 316 2704 adest:
338 2653 485 2724 motaque
493 2639 580 2725 jubet
594 2662 761 2724 supponere
775 2654 858 2704 terra

100 2738 244 2829 Vipereos
255 2743 368 2820 dentes,
383 2743 483 2827 populi
497 2742 678 2805 incrementa
693 2743 790 2808 futuri.
822 2727 828 2740 ⁵
1029 2753 1070 2810 att

100 2842 209 2909 Paret:
231 2859 262 2908 et
275 2859 307 2908 ut
320 2866 422 2929 presso
433 2845 546 2907 sulcum
561 2843 701 2928 patefecit
715 2859 819 2924 aratro,

101 2950 218 3037 Spargit
230 2950 313 3017 humi
322 2951 431 3038 jussos,
446 2950 578 3013 mortalia
592 2951 716 3027 semina,
732 2951 846 3014 dentes

98 3053 171 3118 lude
188 3051 263 3139 (fide
277 3051 386 3139 majus)
403 3054 495 3136 glebae
510 3051 632 3135 coepere
647 3053 781 3115 moveri:

98 3156 259 3245 Primaque
274 3159 313 3222 de
329 3158 416 3222 sulcis
432 3157 512 3220 acies
526 3156 660 3240 apparuit
673 3157 775 3221 hasta.

97 3261 248 3349 Tegmina
260 3285 332 3327 mox
347 3263 478 3348 capitum
491 3260 571 3346 picto
585 3261 715 3325 nutantia
728 3283 825 3327 cono:
1027 3276 1068 3334 85

98 3364 174 3433 Mox
188 3366 304 3431 humeri
318 3379 491 3452 pectusque,
505 3378 685 3450 onerataque
699 3366 821 3432 brachia
834 3369 899 3433 telis

99 3470 273 3537 Exdstum:
295 3472 460 3557 crescitque
475 3493 562 3557 seges
575 3472 712 3556 clypeata
725 3473 863 3539 vironun.

98 3573 161 3653 sic,
176 3575 227 3639 ubi
242 3575 378 3640 tolluntur
392 3573 473 3641 festia
488 3574 581 3639 ardea
594 3575 723 3654 theatris,

353 3686 375 3746 4
