2264 4042
461 258 576 315 LIBER
593 256 642 313 IV.
1007 250 1048 312 58

67 415 163 482 Nunc
178 438 296 503 quoque
310 438 367 480 noc
383 415 496 500 fugiunt
508 415 670 490 hominem,
684 431 743 474 nee
757 408 877 472 vulnere
892 404 1001 470 laedunt
1016 423 1025 463 τ

68 520 216 608 Quidque
230 523 310 608 priris
324 520 439 598 firerint,
450 520 559 606 placidi
571 514 734 583 meminere
749 515 903 579 dracones.

311 789 411 833 ATLAS
435 789 471 832 IN
494 787 632 831 MONTEM
654 785 815 831 MUTATUS·

497 960 528 1003 v.
553 943 626 1003 620.

118 1081 193 1146 lude
207 1103 262 1167 per
276 1082 453 1145 immensum
467 1081 560 1144 ventis
572 1078 756 1144 discordibus
771 1088 854 1141 actus

71 1181 165 1248 Nunc
175 1185 245 1261 huc,
260 1206 338 1248 nuno
353 1184 430 1261 illue,
445 1183 584 1267 exemplo
597 1183 683 1246 nubis
694 1200 823 1266 aquosa,
984 1174 1047 1235 265

73 1286 193 1366 Fertur,
209 1303 293 1352 etex
308 1290 366 1352 alto
381 1271 638 1353 seductasaethere
652 1286 739 1370 longe
791 1305 795 1309 ·

72 1389 242 1475 Despectat
255 1406 367 1470 terras;
388 1404 541 1475 totumquo
556 1390 722 1475 supervolat
731 1389 846 1452 orbem.

72 1489 140 1560 Ter
155 1497 267 1581 gelidas
282 1498 399 1573 Arctos,
413 1510 458 1560 ter
474 1495 585 1559 Cancri
598 1494 720 1558 brachia
730 1493 820 1555 vidit:

75 1599 165 1686 sape
180 1602 234 1665 sub
249 1623 384 1676 occasus,
400 1621 479 1684 saepe
495 1612 540 1662 est
554 1598 665 1661 ablams
679 1598 708 1660 in
723 1610 813 1659 ortus.

72 1705 204 1792 Jamque
220 1707 347 1775 cadente
363 1706 421 1782 die,
432 1704 541 1769 veritus
555 1727 587 1768 se
602 1704 725 1768 credere
740 1701 829 1780 nocti,
985 1701 1049 1761 270

76 1810 216 1877 Constitit
231 1809 390 1896 Hesperio,
404 1811 503 1896 regnis
517 1811 652 1887 Atlantis,
667 1810 697 1872 in
710 1809 803 1888 orbe;

75 1914 288 2002 Exiguamque
302 1917 375 2002 petit
388 1917 533 2003 requiem,
548 1916 620 1980 drun
635 1913 758 1980 Lucifer
771 1914 854 1999 ignes

75 2016 196 2084 Erocet
209 2020 342 2096 Amore,
357 2041 460 2084 currus
471 2020 591 2082 Aurora
605 2019 738 2082 diurnosr

121 2122 184 2187 Hic
198 2124 350 2188 hominum
364 2138 487 2189 cunctos
501 2125 609 2208 ingenti
625 2144 749 2207 corpore
761 2134 901 2207 praestans

73 2226 279 2313 «Iapetionides
293 2229 378 2293 Atlas
391 2227 454 2292 suit.
499 2226 612 2291 Ultima
625 2228 710 2290 tellus
988 2225 1051 2282 275

76 2332 167 2418 Rege
179 2333 232 2398 sub
246 2333 316 2411 hoc,
328 2347 359 2397 et
372 2348 478 2417 pontus
492 2346 564 2407 erat,
580 2331 630 2416 qui
645 2330 713 2394 solis
728 2329 840 2393 anhelis

75 2436 213 2523 AEquora
228 2437 327 2502 subdit
340 2437 434 2522 equis,
446 2449 477 2499 et
489 2434 583 2502 sessos
597 2435 707 2521 exeipit
718 2456 801 2501 axes.

75 2540 160 2607 lule
174 2564 281 2628 greges
291 2542 339 2620 illi,
355 2542 535 2629 totidemque
547 2558 679 2610 armenta
691 2565 745 2631 per
759 2543 866 2608 herbas

10 2652 14 2673 ²
76 2642 226 2710 Errabant
238 2669 247 2708 t
269 2659 300 2709 et
312 2645 437 2710 brunum
451 2646 556 2712 vicinia
569 2649 649 2712 nulla
662 2649 846 2734 premebant.

77 2750 219 2814 Asboreae
231 2749 361 2828 frondes,
373 2773 445 2815 auro
459 2753 592 2818 radiante
605 2754 742 2833 virentes,
988 2759 1051 2820 aab

79 2852 132 2917 Ex
147 2877 219 2918 auro
232 2877 340 2932 ramos,
356 2877 396 2920 ex
411 2877 483 2920 auro
497 2878 588 2942 poma
601 2861 750 2942 tegebant.

80 2959 251 3046 ‘Hospes’
268 2962 307 3025 ait
320 2960 452 3026 Perseus
466 2962 515 3038 illi,
531 2970 603 3026 ‘seu
619 2964 711 3047 gloria
724 2966 817 3050 tangit

76 3063 128 3128 Te
143 3066 259 3150 generis
273 3068 372 3151 magni
384 3089 394 3146 3
416 3067 532 3150 generis
546 3068 616 3132 mihi
627 3067 742 3152 Jupiter
757 3084 859 3135 auctor
872 3095 880 3135 τ

80 3168 151 3234 Sive
167 3192 200 3236 es
214 3172 333 3236 mirator
347 3192 466 3252 rerrnn3
488 3173 634 3240 mirabere
648 3189 771 3240 nostras.

79 3273 249 3360 Hospitium
262 3279 456 3363 requiemque
470 3279 561 3362 peto!
606 3278 725 3346 Memor
739 3283 787 3348 ille
801 3300 921 3351 vetustae
987 3296 1050 3358 285

80 3379 173 3445 Sortis
188 3397 271 3446 erat:
295 3382 434 3468 (Themis
448 3384 525 3448 hanc
540 3384 664 3452 dederat
678 3385 833 3455 Parnassia
849 3399 971 3479 sortem)

80 3483 248 3571 ‘Tempus,
264 3487 343 3564 Ana,
354 3489 461 3567 veniet,
477 3503 527 3553 tua
542 3511 601 3574 quo
616 3492 784 3576 spoliabitur
799 3517 870 3560 auro

79 3589 197 3654 Arbor:
219 3605 251 3655 et
263 3593 342 3656 hunc
354 3595 462 3677 praedae
476 3595 590 3660 titulum
605 3595 680 3665 Jove
694 3601 938 3668 natushabelort?

67 3691 110 3752 Id
116 3707 264 3770 metuens,
279 3696 382 3840 sohqis
389 3703 530 3785 pomaria
545 3706 704 3776 clauserat
720 3709 812 3776 Atlas

312 3805 334 3864 5
