2264 4042
507 234 622 294 muna
640 236 662 292 1.

376 561 566 606 DEUCALION
587 561 631 604 m·
653 559 794 604 amna.

525 776 554 818 v.
570 757 645 820 348.

139 901 291 967 Redditus
305 901 384 965 orbis
399 913 473 964 erat.
519 897 622 974 Quem
636 912 794 985 postquam
807 897 880 962 vidit
892 899 1021 976 inanem,

84 1006 140 1091 *Et
155 1007 303 1072 desolatas
318 1027 408 1091 agere
423 1006 483 1070 alta
496 1004 608 1069 silentia
621 1019 726 1083 terras,

95 1112 273 1191 Deucalion,
288 1111 426 1196 lacrymis
439 1110 481 1175 ita
494 1108 644 1196 Pyrrham
659 1111 767 1176 affatur
780 1111 909 1176 obortis:
1009 1113 1074 1174 350

95 1218 146 1282 ⁴0
161 1229 254 1296 soror,
269 1241 288 1282 o
302 1217 423 1304 conjux,
437 1239 457 1281 o
471 1215 594 1282 soemina
607 1218 670 1309 sola
684 1233 844 1304 superstes,

95 1322 200 1400 Quam
214 1344 373 1388 commune
387 1322 459 1386 mihi
473 1344 578 1407 genus,
592 1339 624 1389 et
637 1325 777 1409 patruelis
792 1324 885 1408 origo,

95 1429 217 1494 Deinde
231 1442 312 1494 toms
320 1428 420 1515 junxit
431 1451 442 1509 3
462 1450 541 1493 nune
555 1429 621 1514 ipsa
634 1429 767 1514 pericula
774 1429 921 1515 jungunt:

93 1535 270 1614 Terrarum,
285 1556 477 1622 quascunque
491 1535 593 1597 vident
607 1556 733 1599 occasus
748 1548 779 1598 et
791 1548 882 1611 ortus,

94 1641 162 1708 Nos
176 1641 236 1707 duo
250 1641 337 1707 turba
351 1661 462 1705 sumus.
507 1635 647 1704 Possedit
660 1653 769 1704 eaetera
782 1653 899 1725 pontus.
1007 1645 1071 1708 355

94 1745 186 1811 Nrmc
201 1765 320 1831 quoque
336 1743 434 1808 adbuc
448 1743 513 1808 vita
527 1764 587 1808 non
602 1757 647 1808 est
659 1742 770 1808 fiducia
783 1756 888 1809 nostrae

94 1850 189 1917 Certa
203 1849 291 1915 satis:
312 1863 424 1914 terrent
438 1848 598 1914 etiamnum
612 1850 713 1914 nubila
726 1864 869 1915 mentem.

94 1958 178 2034 Quid
192 1959 254 2037 tibi,
269 1958 293 2023 si
308 1958 370 2023 sine
384 1979 435 2023 me
449 1955 515 2022 fatis
530 1971 633 2043 erepta
646 1956 762 2036 frames,

93 2064 185 2130 Nune
200 2064 299 2143 animi,
313 2063 491 2143 miseranda,
506 2061 604 2128 foret?
628 2083 687 2149 quo
702 2065 764 2129 sola
777 2066 917 2132 timorem

93 2169 190 2235 Ferre
204 2170 295 2235 modo
305 2167 435 2255 posses?
457 2189 518 2255 quo
528 2171 698 2234 consolante
714 2171 855 2236 doleres?
1008 2175 1071 2236 860

93 2277 235 2361 Namque
247 2297 304 2361 ego
320 2276 426 2356 (erede
439 2273 536 2359 mihi)
553 2274 621 2337 site
635 2273 728 2337 modd
742 2288 848 2359 pontus
861 2276 995 2356 haberet,

92 2381 143 2446 Te
157 2401 310 2467 sequerer,
325 2379 454 2465 conjux:
476 2391 507 2441 et
519 2398 571 2441 me
586 2398 704 2464 quoque
718 2393 826 2465 pontus
838 2382 973 2448 haberet.

94 2487 125 2551 O
139 2489 250 2552 utinam
263 2485 375 2573 possim
388 2483 514 2570 populos
528 2504 668 2570 reparare
682 2487 812 2571 paternis

91 2593 213 2684 Artibus
221 2616 232 2674 ;
254 2607 342 2679 atque
358 2590 469 2656 animas
483 2587 613 2655 sonnatae
628 2589 783 2657 infundere
798 2596 902 2659 terra!

92 2701 184 2766 Nunc
198 2697 434 2784 genusinnobis
447 2710 537 2761 restat
550 2698 674 2762 mortale
689 2699 814 2779 duobus,
1005 2707 1068 2769 365

92 2809 161 2892 (Sic
173 2809 270 2873 visum
284 2806 412 2893 superis)
426 2807 638 2897 hominumque
653 2808 793 2893 exempla
806 2811 983 2876 manemus!

134 2915 273 2993 Dixerat,
289 2928 320 2978 et
333 2913 454 2979 flebant.
498 2911 617 2978 Placuit
630 2914 753 2978 eoeleste
766 2918 882 3000 precati

92 3010 226 3098 Numen,
235 3035 266 3086 et
280 3020 421 3084 auxilium
434 3041 489 3105 per
504 3041 602 3085 sacras
617 3040 749 3104 quaerere
764 3034 868 3086 sortes.

68 3116 73 3121 ¹
91 3127 184 3193 Nulla
197 3148 282 3190 mora
296 3139 360 3206 est3
382 3125 492 3189 adeunt
505 3125 613 3211 pariter
627 3123 806 3210 Cephisidas
820 3127 925 3210 undas,

92 3231 138 3297 Ut
150 3233 284 3296 nondum
296 3231 432 3316 liquidas,
448 3231 490 3296 sie
499 3230 565 3318 jam
578 3231 656 3295 vada
669 3243 739 3296 nota
754 3248 900 3300 secantes.
951 3278 953 3283 «
1004 3241 1068 3303 370

91 3339 167 3404 Inde
181 3339 231 3403 uhi
245 3339 349 3403 libatos
362 3338 525 3402 irroravdre
539 3338 668 3423 liquores

92 3442 234 3510 Vestibus
249 3457 279 3508 et
293 3444 400 3528 capiti3
421 3442 544 3508 flectunt
557 3444 679 3529 vestigia
693 3460 801 3512 sancta

92 3551 143 3615 Ad
159 3550 283 3614 delubra
297 3549 380 3613 deae:
402 3571 527 3634 quorum
542 3547 654 3634 fastigia
668 3552 745 3636 turpi

93 3655 278 3743 Squalebant
289 3677 417 3736 musco;
439 3657 613 3741 stabantque
627 3658 689 3726 sine
703 3658 818 3743 ignibus
832 3681 889 3725 arae

349 3762 371 3823 2
