2264 4042
94 284 156 343 104
381 276 759 335 mmonanosuon

91 452 209 518 Caetera
223 469 289 518 sunt
302 455 447 519 hominis:
468 469 584 540 partem
599 456 754 519 damnatur
768 454 797 515 in
813 470 903 514 unam
914 472 927 512 a.
1022 453 1058 513 90

89 558 280 644 induiturque
296 582 381 623 aures
395 560 474 624 lente
490 561 649 645 gradientis
664 560 755 623 aselli.

131 665 184 728 Ille
200 666 321 750 quidem
335 667 422 744 celat,
436 668 572 753 turpique
587 678 707 730 onerata
721 666 835 751 pudore

88 771 242 855 Tempora
256 773 410 857 purpureis
424 785 517 837 tentat
529 774 630 837 velare
645 773 735 836 tiaris.

90 876 163 953 Sed,
180 879 279 941 solitus
293 878 396 961 longos
412 876 490 941 ferro
504 899 642 942 resecare
653 876 784 961 capillos,

88 980 212 1047 Viderat
226 984 284 1046 hoc
300 982 435 1046 santulus.
482 981 554 1059 Qui,
570 984 644 1067 clun,
655 1004 712 1045 nec
727 982 854 1067 prodere
869 982 966 1045 visum
1021 980 1059 1043 00

89 1088 235 1154 Dedecus
250 1089 381 1165 auderet,
396 1088 519 1173 cupiens
535 1088 640 1150 efferre
655 1088 710 1151 sub
726 1109 822 1164 auras,

88 1194 158 1258 Nec
173 1211 273 1280 posset
285 1182 410 1259 reticere
424 1208 534 1270 tamen,
550 1194 663 1256 secedit
675 1216 684 1273 ;
706 1194 889 1278 humumque

90 1296 222 1360 Effodit:
245 1311 284 1373 et,
297 1297 406 1359 domini
422 1296 525 1379 quales
540 1296 710 1380 adspexerit
724 1316 821 1372 aures,
1011 1363 1014 1385 Ι

89 1397 175 1466 Voce
190 1402 281 1467 resert
291 1401 404 1488 parvd3
424 1415 569 1486 terraque
585 1401 790 1465 immurmurat
804 1402 925 1466 haustae.
1031 1398 1047 1457 Γ

88 1505 294 1593 Iudiciumque
309 1529 368 1572 suae
382 1509 464 1572 vocis
477 1508 581 1571 tellure
595 1507 713 1590 regesta
1005 1512 1061 1572 100

89 1614 206 1691 Obruit,
222 1630 252 1678 et
266 1616 418 1678 scrobibus
432 1616 538 1678 tacitus
553 1614 678 1677 discedit
690 1615 810 1699 opertis.

87 1718 204 1782 Creber
219 1720 407 1783 arundinibus
421 1720 553 1782 tremulis
567 1720 606 1781 ibi
621 1740 743 1802 surgere
758 1721 842 1783 lucus

89 1821 211 1904 Coepit:
234 1835 273 1897 et,
288 1836 321 1882 ut
333 1821 461 1904 primum
475 1823 564 1906 pleno
579 1822 719 1882 maturuit
733 1842 819 1898 anno,

88 1924 224 1990 Prodidit
238 1925 406 2009 agricolam.
451 1925 529 1988 Leni
543 1947 612 1988 nam
627 1939 723 1990 motus
738 1927 776 1990 ab
790 1928 902 1993 Austro

89 2030 205 2095 Obruta
218 2032 309 2095 rerba
322 2029 433 2111 refert3
456 2031 626 2117 dominique
640 2033 773 2117 coarguit
787 2056 884 2098 aures.
1005 2041 1061 2101 105

246 2362 331 2436 darn
353 2396 396 2437 nr
420 2392 592 2439 nancromt
616 2395 651 2438 m
674 2394 753 2437 uvas
777 2390 911 2438 ueram.

511 2647 542 2688 v.
559 2633 634 2690 410.

85 2774 203 2838 Interea
216 2771 370 2856 fratrisque
385 2774 440 2850 sui,
462 2771 641 2858 fratremque
656 2776 764 2839 secutis

85 2880 186 2944 Anxia
199 2880 339 2965 prodigiis
352 2881 484 2945 turbatus
497 2896 620 2966 pectora
635 2881 734 2961 Ceyx,

86 2985 230 3052 Consulat
244 3004 277 3052 ut
291 3010 401 3066 sacras,
416 2988 568 3052 hominum
582 2990 790 3068 oblectamina,
806 3005 911 3070 sorteS,

85 3094 136 3158 Ad
151 3093 284 3159 Clarium
299 3110 383 3181 parat
396 3097 439 3159 ire
454 3096 544 3159 deum
558 3119 566 3158 t
587 3119 656 3161 narn
670 3099 781 3182 templa
795 3096 937 3182 profanus

83 3197 167 3262 Invia
181 3223 251 3264 cum
266 3199 408 3285 Phlegyis
423 3200 570 3266 faciebant
584 3202 733 3288 Delphica
748 3202 895 3267 Phorbas.
1001 3212 1061 3271 110

128 3305 277 3370 Portubus
291 3307 443 3387 exierant3
466 3322 496 3371 et
509 3321 643 3372 moverat
657 3329 729 3370 aura
743 3308 894 3375 rudentes.

84 3412 220 3476 Obvertit
233 3412 316 3476 lateri
330 3413 494 3498 pendentes
507 3416 604 3478 navita
617 3434 716 3478 remos
729 3436 737 3476 ε

83 3518 265 3603 Cornuaque
280 3519 309 3581 in
320 3521 438 3595 summit
451 3522 531 3585 locat
545 3522 649 3584 arbore
661 3543 671 3601 3
693 3535 813 3609 totaque
828 3525 907 3589 malo

68 3622 208 3692 Carbasa
225 3627 351 3695 deducit
360 3652 372 3712 3
394 3628 610 3718 venientesque
625 3629 738 3718 excipit
749 3653 850 3695 amas.

90 3734 164 3802 Aut
173 3739 293 3824 mrbus,
312 3756 366 3812 aut
381 3741 472 3815 cette
488 3739 633 3814 medium
645 3764 711 3811 non
724 3737 856 3825 amplius
869 3755 970 3817 enter
1014 3740 1080 3796 wa
