2264 4042
499 250 619 308 LIBER
637 251 659 307 1.

99 412 222 480 Pelliois
235 412 392 497 Argolico,
408 412 597 495 stimulosque
608 410 638 472 in
652 421 774 495 pectora
788 427 884 472 oaeoos

99 515 254 595 Condidit,
269 531 300 582 et
313 515 467 603 profugam
481 539 536 602 per
550 529 643 581 totum
653 514 755 579 terruit
767 515 882 579 orbem.

98 621 231 687 Ultimus
244 623 391 687 immenso
403 622 547 711 rostribus,
561 621 642 699 Nile,
656 620 760 685 labori.

99 727 204 803 Quem
218 728 306 792 simul
319 750 355 793 ac
369 727 473 813 tetigit,
487 727 646 813 positisque
659 727 690 789 in
704 726 835 810 margine
849 724 920 810 ripn

98 832 264 899 Procubuit
277 833 411 920 genibus,
425 833 623 919 resupinoque
638 832 731 896 ardua
744 832 832 908 nollo,
1014 833 1076 895 585

95 939 186 1015 Quos
195 941 299 1027 potuit,
314 941 392 1005 solos
405 941 510 1005 tollens
524 938 562 1003 ad
574 939 671 1003 sidem
685 939 790 1015 vultus,

96 1041 142 1108 Et
154 1044 276 1128 gemitu,
291 1056 322 1107 et
334 1042 483 1128 lacrymis,
498 1055 528 1107 et
542 1042 685 1107 luctisono
699 1041 812 1127 mugitu

97 1143 181 1211 Cum
192 1145 270 1234 Jove
284 1145 347 1210 visu
360 1145 443 1232 queri
458 1159 512 1224 est,
527 1146 677 1232 finemque
691 1167 777 1211 orare
790 1145 947 1211 malorum.

97 1245 243 1334 Coujugis
256 1248 305 1313 ille
316 1270 374 1313 suae
390 1248 567 1334 complexus
579 1249 656 1313 oolln
670 1248 796 1326 lacerus,

96 1348 198 1415 Pmiot
207 1364 240 1414 ut
252 1370 356 1436 poenos
370 1351 502 1429 tandem,
516 1365 621 1436 rogat:
643 1351 755 1437 ‘Inque
769 1349 899 1416 futurrun
1014 1353 1076 1414 590

96 1450 183 1517 Pone
196 1466 305 1532 metus,
317 1453 326 1485 ’
340 1453 441 1538 inquit,
458 1460 626 1538 ‘uunquam
639 1454 691 1517 tibi
705 1475 797 1518 causo
810 1453 918 1516 doloris

96 1552 176 1619 Hoc
190 1553 246 1619 erit
257 1555 283 1617 :’
306 1568 337 1619 et
351 1555 470 1641 Stygius
479 1554 565 1639 jubet
577 1556 637 1618 hoo
652 1555 754 1620 audire
767 1554 902 1641 paludes.

67 1695 70 1701 ·
96 1654 141 1723 Ut
153 1660 243 1725 lenita
257 1659 318 1724 dea
331 1673 387 1737 est,
401 1659 497 1725 vulnus
511 1658 591 1744 onpit
602 1659 652 1724 illa
666 1659 797 1745 priores:

95 1758 217 1848 Fitque,
232 1762 313 1848 quod
328 1761 394 1827 antri
408 1761 473 1827 fuit
517 1760 649 1848 Fugiunt
661 1784 680 1827 e
694 1784 818 1849 oorpore
833 1777 925 1829 soto:

96 1861 222 1928 Cornua
235 1864 431 1931 deoresormt:
452 1865 486 1930 fit
498 1865 615 1931 luminis
629 1867 735 1932 arctior
744 1867 845 1933 orbitt
1009 1869 1075 1932 595

96 1963 287 2031 Contrahitur
300 1967 412 2031 rictum:
432 1968 560 2033 redeunt
568 1968 743 2054 humerique
758 1989 922 2055 munusque
935 1992 944 2033 t
959 1963 962 1971 ’

95 2064 276 2153 Unguloquo
290 2069 320 2131 in
335 2069 439 2154 quinos
452 2069 567 2155 dilapsu
580 2071 742 2137 obsmninrr
755 2092 879 2157 ungues.

95 2168 148 2234 De
162 2170 239 2235 bove
252 2170 293 2235 nil
307 2184 451 2257 mpetum,
465 2170 566 2237 formo
580 2173 636 2237 nisi
650 2172 772 2251 condor,
784 2173 817 2237 iu
830 2173 901 2239 illo:

96 2273 267 2360 Officioque
281 2275 394 2362 pedum
407 2277 542 2361 nymphe
554 2289 693 2340 contenta
706 2276 844 2353 duorum,

95 2378 226 2465 Erigitur
238 2403 247 2443 r
262 2381 431 2464 metuitque
441 2380 543 2464 loqui;
564 2400 699 2445 nemore
708 2379 844 2467 juvenen
1010 2386 1073 2450 600

96 2482 231 2571 Mugint:
254 2499 285 2549 et
299 2484 400 2549 timido
414 2485 506 2549 verba
518 2483 682 2551 intermissa
695 2500 830 2555 retentat.

96 2588 188 2657 Nunc
203 2589 262 2657 den
275 2588 397 2681 linigerti
409 2590 518 2659 colitur
527 2590 723 2661 celeberrimo
732 2590 828 2663 turbt.
