2264 4042
93 208 145 273 ‘26
418 202 797 262 metamorphoseon

100 362 252 449 Contigit3
274 370 305 427 et
318 362 428 448 rapide
442 359 513 426 feeit
526 363 665 447 pan'entia
679 362 818 428 flamma.

41 543 42 547 ,
99 468 301 556 Imposuitque
315 489 408 532 aomae
423 468 543 532 radios:
564 490 756 555 praesagaque
769 469 866 535 luctus

99 573 229 640 Pectore
244 576 366 640 sollicito
380 589 518 660 repetens
533 576 665 661 suspiria,
676 577 773 640 dixit:

99 681 155 746 ‘Si
169 695 255 767 potes
269 681 318 746 hic
333 683 437 746 saitem
445 668 569 747 ‘monitis
582 704 688 768 parere
702 685 850 768 paternis3
1015 691 1080 751 125

97 785 207 865 Parae,
222 809 306 873 puer,
322 788 444 852 stimulis
457 809 467 868 3
490 802 521 853 et
534 786 637 852 fortius
652 803 735 853 utere
750 790 830 854 loris.

98 893 211 980 Sponte
227 894 281 958 sub
294 904 463 981 properant.
508 894 611 961 Labor
625 909 671 960 est
684 895 817 960 inhibere
830 897 972 962 volentes.

97 999 167 1066 Nec
182 1001 232 1066 tibi
248 1001 375 1066 directos
389 1003 507 1086 placeat
520 1002 568 1064 via
583 1002 712 1087 quinque
726 1024 780 1087 per
795 1025 891 1067 arcus.

97 1105 206 1171 Sectus
220 1107 250 1171 in
264 1107 414 1192 obliquum
430 1121 475 1171 eat
489 1108 548 1170 lato
562 1107 733 1192 ourqamine
747 1108 842 1186 limes,

95 1211 307 1298 Zonarumque
321 1214 408 1279 trium
423 1227 577 1278 eontentus
591 1214 672 1278 fine:
694 1215 855 1300 polumque
1013 1220 1079 1281 lau

96 1319 228 1404 Effugito
243 1320 410 1398 australem,
421 1321 616 1407 junctamque
632 1320 816 1407 aquilonibus
830 1321 953 1385 Arcton.

99 1424 171 1491 Hac
185 1427 218 1491 fit
232 1426 307 1490 iter:
327 1425 483 1492 manifesta
496 1441 566 1491 rotae
581 1427 702 1512 vestigia
717 1449 834 1492 cernes.

95 1529 197 1617 thue
211 1531 308 1598 ferant
322 1554 423 1619 aequos
438 1549 468 1599 et
481 1535 593 1599 caelum
608 1550 638 1600 et
651 1549 731 1600 terra
744 1534 869 1612 calores,

95 1636 165 1700 Nea
179 1660 293 1722 preme,
308 1660 365 1701 nec
380 1662 530 1703 summum
545 1641 648 1704 molire
662 1663 717 1725 per
732 1641 840 1705 aethera
854 1632 984 1705 curtum.
1100 1692 1110 1697 -

94 1742 191 1806 Altius
205 1749 341 1826 egressus
355 1744 488 1806 coelestia
502 1757 579 1806 tenta
594 1745 741 1807 cremabis
753 1767 763 1821 3
1010 1750 1074 1812 185

94 1848 219 1913 Inferius
232 1862 343 1911 terras:
365 1847 465 1910 medio
479 1848 637 1912 tutissimus
651 1849 716 1913 ibis.

93 1955 164 2019 Neu
178 1967 208 2018 te
223 1953 372 2018 dexterior
384 1967 494 2017 tortum
509 1955 680 2018 declinatio
695 1955 845 2040 Anguem,

92 2061 181 2128 Neve
196 2062 353 2127 sinisterior
366 2082 500 2147 pressam
514 2076 579 2126 rota
592 2062 681 2126 ducat
696 2062 735 2125 ad
749 2063 865 2127 Aram:

91 2169 172 2234 Inter
185 2183 342 2254 utrumque
357 2183 436 2233 tene.
482 2167 620 2232 Forttmae
636 2181 744 2232 cetera
754 2168 884 2247 mand03
990 2211 994 2217 -

89 2274 169 2351 Quae
180 2275 275 2360 juvet,
291 2290 321 2340 et
335 2276 450 2354 meiiirs,
468 2275 557 2361 quiam
572 2288 604 2339 tu
618 2274 679 2352 tibi,
694 2274 838 2352 consulat,
853 2286 933 2359 opto.
1007 2279 1072 2341 140

88 2380 173 2445 Dum
187 2382 300 2464 loquor,
317 2380 466 2464 Hesperio
480 2383 589 2464 positas
603 2381 633 2444 in
647 2381 743 2446 littore
756 2394 851 2445 metas

90 2482 225 2550 Humida
239 2505 301 2547 nox
315 2484 417 2568 tetigit.
463 2483 496 2545 N
495 2507 535 2547 on
549 2499 594 2547 est
607 2507 693 2548 mora
706 2488 800 2549 libera
812 2486 916 2549 nobis:

88 2588 256 2657 Poscimur.
302 2586 435 2671 Effulget
447 2587 576 2651 tenebris
590 2588 708 2651 Aurora
722 2587 838 2672 fugatis.

84 2693 212 2778 Corripe
226 2693 290 2756 lora
304 2714 417 2756 manu:
439 2692 496 2768 vel,
513 2693 535 2756 si
552 2691 692 2756 mutabile
707 2706 813 2777 pectus

85 2799 145 2863 Est
158 2798 219 2875 tibi,
235 2797 370 2874 oonsiliis,
385 2819 445 2861 non
459 2798 602 2874 curribus,
617 2798 840 2881 utere·nostris:
1002 2806 1066 2867 145

84 2904 169 2970 Dum
183 2917 290 2988 potes3
312 2918 343 2967 et
357 2903 456 2968 solidis
472 2904 633 2967 etiamnum
648 2905 767 2969 sedibus
783 2905 900 2986 adstas3

83 3009 228 3096 Dumque
243 3009 321 3073 male
336 3024 452 3096 optatos
466 3011 598 3073 nondum
612 3011 721 3095 premis
735 3011 844 3075 inscius
858 3032 942 3076 axes.

83 3113 161 3195 Quae
176 3127 255 3179 tutus
266 3131 393 3198 spectes,
409 3115 472 3179 sine
486 3136 536 3179 rue
552 3116 623 3179 dare
638 3116 747 3180 lumina
761 3116 867 3180 terris-³

111 3272 114 3279 .
128 3219 268 3304 Occupat
282 3218 329 3282 ilie
343 3218 440 3282 levem
451 3219 573 3305 juvenili
587 3242 713 3305 corpore
727 3240 866 3283 currum:

83 3325 206 3410 Statque
221 3323 311 3409 super
319 3346 330 3404 3
351 3325 545 3410 manibusque
557 3327 641 3389 datas
655 3325 825 3408 contingere
840 3325 971 3394 habenas
996 3333 1061 3392 ltu

83 3431 226 3511 Gaudet3
248 3444 279 3493 et
292 3429 381 3494 invito
396 3445 494 3514 grates
508 3433 567 3516 agit
581 3432 650 3495 inde
665 3433 788 3517 parenti.

123 3535 242 3600 Interea
255 3536 389 3600 volucres
404 3536 540 3622 Pyroir'is,
556 3537 651 3614 Eous,
667 3534 697 3602 e't
710 3538 833 3620 AEthon,

81 3642 157 3708 Solis
173 3643 252 3728 equi,
269 3655 448 3730 quartusque
464 3642 610 3728 Phlegon,
626 3645 783 3714 hinnitibus
798 3671 885 3716 auras
