2264 4042
124 234 185 293 100
496 220 699 277 Eunomus.

120 382 164 447 Ut
178 382 262 446 rediit
276 383 397 453 animus,
412 378 517 461 pariter
532 376 645 437 rediere
662 374 777 436 dolores
789 395 798 451 3

164 487 293 549 Pectora
307 484 450 566 legitimus
464 495 545 544 casta
567 478 723 541 momordit
737 497 829 538 amor.

121 591 190 655 Nec
204 590 273 652 mihi
289 589 447 672 pectendos
462 607 532 648 cura
546 600 591 646 est
605 585 739 667 prmbcre
753 578 893 663 capillos:

164 695 232 759 Nec
248 695 316 756 libet
331 692 430 754 aurata
444 713 567 774 corpora
581 705 662 750 reste
677 688 745 770 tegi.

120 798 164 863 Ut
177 820 249 881 quas
264 796 420 880 pampinea
434 796 559 877 tetigisse
574 793 746 874 Bicorniger
762 788 844 853 hasta

163 901 325 980 Creditur3
340 903 397 964 huc
413 901 489 976 illuc,
506 898 564 982 quo
576 897 653 960 suror
668 899 735 979 egit,
751 919 797 959 eo.

120 1006 306 1071 Conveniunt
321 1021 428 1067 matres
442 1004 624 1086 PlrylleideS,
640 1018 669 1065 et
685 1002 755 1063 milri
777 1002 914 1074 clamant,

163 1111 275 1176 ‘Indue
290 1110 413 1192 regales
430 1107 604 1180 Laodamia,
620 1108 720 1169 sinus!

121 1216 241 1279 Scilicet
256 1216 323 1298 ipsa·
332 1234 432 1296 geram
447 1225 586 1273 saturatas
600 1212 711 1273 murice
723 1224 841 1273 vestes:

163 1319 248 1382 Bella
264 1319 318 1381 sub
332 1317 427 1380 Iliacis
442 1316 586 1379 moenibus
600 1315 646 1377 ille
662 1314 766 1397 gerat?

118 1424 187 1508 Ipsa
202 1445 303 1487 comas
318 1436 418 1505 pectar
431 1443 438 1482 τ
453 1420 538 1502 galea
552 1435 640 1503 caput
654 1420 702 1482 ille
718 1418 890 1503 prematur?

163 1529 231 1611 Ipsa
245 1550 334 1590 novas
350 1541 463 1589 vestes:
479 1526 552 1587 dura
565 1527 609 1586 vir
623 1546 704 1586 arma
719 1523 814 1586 serat?

120 1632 192 1707 Qua
208 1654 335 1716 possum,
350 1631 482 1713 squalore
497 1644 562 1692 tuos
577 1629 684 1692 imitata
699 1630 813 1691 labores

163 1736 276 1798 Dicar:
291 1750 321 1796 et
334 1736 398 1796 haec
413 1735 479 1796 belli
493 1750 625 1815 tempora
640 1734 724 1795 tristis
739 1755 834 1815 agam.

120 1839 194 1900 Dua
209 1838 278 1898 Pari
294 1837 453 1910 Priamide,
468 1837 576 1897 damno
591 1836 716 1897 formose
731 1853 857 1911 tuorum,

162 1938 242 2001 Tam
257 1940 296 2001 sis
310 1939 399 2000 hostis
413 1939 499 2012 iners,
515 1938 602 2020 qtr‘arn
619 1941 711 2002 malus
726 1942 833 2023 hospes
848 1962 923 2003 eras.

119 2046 181 2107 Aut
194 2059 222 2106 te
236 2042 387 2105 Toenanae
404 2040 507 2104 saeiem
523 2043 657 2125 culpasse
672 2046 795 2120 maritae,

164 2149 224 2212 Aut
238 2149 276 2209 illi
292 2148 397 2210 vellem
413 2148 592 2230 displicuisse
607 2164 699 2210 tuam.

119 2252 181 2329 Tu,
196 2253 245 2336 qui
260 2276 313 2338 pro
326 2251 411 2337 rapti
424 2253 556 2328 uiuriirm,
571 2252 719 2329 Menelae,
735 2253 860 2328 laboraS,

163 2356 223 2419 Hei
239 2359 319 2434 mihi,
335 2359 421 2442 quarn
437 2358 533 2420 multis
547 2357 651 2421 flebilis
665 2359 737 2419 ultor
752 2358 829 2419 eris!

119 2460 171 2538 Di,
186 2482 300 2543 precor,
316 2484 332 2523 a
347 2463 429 2523 nobis
442 2484 529 2523 omen
544 2478 693 2523 removete
708 2462 871 2524 sinistrum:

162 2564 204 2626 Et
218 2587 271 2627 sua
286 2565 336 2626 det
350 2564 450 2624 reduci
464 2565 508 2625 vir
521 2586 605 2626 meus
620 2587 699 2626 arma
714 2565 790 2627 Jovi.

121 2666 183 2729 Sed
197 2668 287 2729 timeo
300 2687 307 2726 ε
323 2666 493 2749 quotiesque
509 2667 584 2728 subit
598 2668 760 2730 miserabile
771 2670 890 2744 bellum,

163 2768 248 2832 More
264 2769 345 2843 nivis,
359 2769 506 2851 lacrymae,
522 2771 582 2832 sole
602 2771 754 2847 madentia,
770 2787 849 2834 enm.

117 2873 192 2955 Ilion
207 2887 236 2935 et
248 2872 401 2948 TenedoS,
418 2873 595 2956 Simoisque,
611 2889 640 2936 et
655 2874 800 2953 Xanthus,
816 2892 845 2940 et
858 2877 923 2954 lde,

162 2977 292 3040 Nomina
305 2991 370 3040 suut
384 2977 447 3061 ipso
462 2978 537 3060 pene
552 2978 679 3040 timenda
703 3002 783 3042 sono.

120 3082 189 3147 Nec
204 3103 307 3166 rapere
322 3103 453 3158 ausurus,
468 3082 521 3144 nisi
536 3105 567 3144 se
583 3081 742 3146 defendere
763 3100 870 3168 posset,

163 3186 283 3269 Hospes
298 3202 380 3249 erat:
402 3188 477 3249 vires
491 3202 610 3249 noverat
624 3188 671 3249 ille
686 3212 762 3251 suaa.

119 3287 250 3351 Venerat
270 3288 316 3371 (ut
330 3288 409 3351 sarua
421 3288 479 3373 est)
492 3292 581 3353 multo
596 3293 759 3375 spectabilis
775 3315 856 3370 auro,

163 3391 283 3475 Quique
298 3414 352 3454 suo
366 3392 513 3474 Phrygias
526 3415 649 3476 corpore
664 3393 752 3456 ferret
765 3418 847 3479 opes.

120 3495 225 3560 Classe
239 3495 363 3576 virisque
378 3511 491 3578 potens,
507 3519 559 3579 per
574 3518 637 3580 quae
652 3494 714 3559 sera
730 3499 804 3563 bella
818 3519 976 3584 geruntur:

153 3600 201 3665 Et
210 3598 344 3687 sequitur
356 3600 438 3684 regni
452 3621 520 3685 pars
533 3613 736 3687 quotacunque
758 3606 811 3667 sui.
