2264 4042
397 244 400 249 '
469 236 655 295 nrmrona
672 238 708 291 X.

85 392 119 456 Si
134 416 226 470 mare,
242 396 264 456 si
279 409 378 469 terras,
392 410 584 478 porrectaque
598 394 691 456 littora
705 392 763 454 vidi
775 414 786 469 3

128 498 224 561 Multa
239 499 307 561 mihi
322 513 414 575 terrae,
428 499 519 560 multa
533 500 677 560 minantur
696 517 790 580 aquae.

84 601 204 665 Coelum
219 605 365 667 restabat:
379 604 469 665 timeo
482 604 637 665 simulacra
651 603 784 663 deorum.

127 706 278 770 Destituor
291 708 398 789 rapidis
412 708 510 789 praeda
525 708 666 789 cibusque
681 704 760 766 feris.

85 810 155 873 Sive
170 812 268 873 colunt
282 813 468 893 habitantque
483 811 545 886 viri,
560 810 717 872 diffidimus
728 808 791 872 illis.

127 913 276 977 Externos
291 917 379 978 didici
393 917 460 977 lesa
476 916 577 978 timere
599 915 685 977 viros.

85 1015 202 1080 Viveret
217 1021 390 1101 Androgeos
405 1021 513 1082 utinam
527 1041 605 1082 :nec
617 1019 694 1082 lacta
706 1019 809 1081 luisses

124 1122 219 1205 Impia
233 1122 390 1199 funeribus,
406 1124 534 1207 Cecropi
549 1138 635 1200 terra,
650 1124 725 1187 tuis!

80 1225 113 1289 N
114 1247 149 1288 ec
164 1240 214 1288 tua
228 1228 382 1290 mactasset
395 1230 507 1292 nodoso
521 1229 626 1313 stipite,
641 1228 775 1305 Theseu,

124 1331 226 1393 Ardua
241 1346 321 1414 parte
336 1334 430 1395 virum
446 1336 579 1410 dextera,
595 1348 676 1417 parte
690 1333 818 1396 bovem!

79 1434 223 1511 Necubi,
240 1459 303 1519 quae
318 1438 428 1500 reditus
438 1424 639 1514 monstrarent,
654 1439 702 1500 fila
717 1439 889 1514 dedissem;

123 1537 189 1600 Fila
201 1561 254 1622 per
269 1540 410 1602 adductas
425 1563 502 1623 saepe
517 1557 637 1622 recepta
651 1543 774 1602 manus!

77 1642 149 1706 Non
165 1644 304 1724 equidem
319 1645 418 1719 miror,
433 1645 456 1706 si
470 1658 525 1706 stat
539 1644 657 1706 victoria
671 1659 780 1721 tecum,

123 1747 278 1831 Strataque
295 1747 441 1811 Cretaeam
456 1750 552 1812 bellua
567 1750 650 1812 tinxit
664 1750 796 1812 humum.

77 1851 148 1915 Non
162 1866 296 1936 poterant
309 1854 358 1936 figi
372 1855 533 1936 precordia
546 1854 642 1918 lerree
656 1877 768 1919 cornu:

119 1954 162 2017 Ut
173 1970 202 2018 te
217 1979 274 2018 non
288 1971 413 2040 tegeres,
426 1973 545 2043 pectore
560 1973 638 2023 tutus
651 1981 728 2025 eras.

75 2059 141 2124 lllic
155 2075 186 2123 tu
202 2062 304 2139 siliceS,
319 2064 376 2127 illic
392 2065 547 2127 adamanta
560 2066 669 2128 tulisti:

119 2164 192 2241 Illic,
208 2167 256 2249 qui
271 2168 375 2243 silices,
390 2168 521 2243 Thesea,
535 2169 641 2244 vincat,
662 2168 765 2232 habes.

76 2268 223 2332 Crudeles
237 2272 341 2346 somni,
357 2271 425 2354 quid
441 2293 489 2334 me
504 2273 632 2334 tenuistis
647 2271 796 2334 inertem?

119 2376 161 2437 At
174 2376 266 2437 semel
281 2374 389 2437 aetemb
403 2390 489 2438 nocte
505 2375 667 2458 premenda
680 2373 731 2437 sui.

73 2476 137 2542 Vos
152 2498 280 2562 quoque,
295 2478 431 2540 crudeles
445 2479 532 2554 venti,
547 2479 728 2563 nimiquue
741 2480 855 2564 parati3

117 2581 310 2668 Flaminaque
324 2586 353 2648 in
367 2587 511 2670 lacrymas
524 2586 657 2651 officiosa
670 2607 762 2649 meas.

74 2688 210 2750 Dextera
225 2691 361 2768 crudelis,
377 2713 440 2776 que
456 2714 505 2755 me
519 2693 697 2778 fratremque
712 2694 845 2757 necavit:
978 2697 1040 2755 115·

117 2791 160 2855 Et
175 2794 242 2856 data
256 2797 396 2877 poscenti,
411 2819 519 2859 nomen
533 2798 630 2875 inane,
644 2800 729 2862 fides.

72 2895 107 2960 ln
121 2919 171 2960 me
187 2897 322 2983 jurdrnnt
335 2923 463 2976 somnuS,
479 2917 650 2986 ventusque,
665 2904 808 2986 fidesque.

82 3034 94 3067 ι.
115 3002 240 3067 Prodita
255 3028 319 3068 sum
334 3007 429 3069 causis
444 3030 501 3070 una
516 3009 613 3089 puella
623 3009 725 3070 tribus.

73 3106 156 3191 Ergo
172 3131 227 3193 ego
241 3131 297 3171 nec
312 3111 458 3192 lacrymas
474 3110 572 3171 matris
587 3110 723 3172 moritura
738 3111 865 3174 videbo:

115 3212 195 3288 Nec,
212 3235 278 3276 mea
294 3216 342 3296 qui
358 3213 462 3296 digitus
476 3213 585 3276 lumina
600 3215 716 3290 condat,
731 3215 809 3279 erit?
907 3250 910 3255 ·
976 3224 1035 3283 120

74 3315 197 3399 Spiritus
208 3317 308 3379 infelix
323 3319 491 3402 peregrinas
505 3319 556 3382 ibit
569 3318 598 3380 in
614 3340 718 3399 auras3

114 3421 146 3482 N
147 3443 183 3484 ec
198 3422 305 3505 positos
320 3438 397 3485 artus
412 3438 520 3507 unguet
534 3424 630 3486 amica
644 3426 770 3489 manus?

72 3524 148 3588 Ossa
165 3527 368 3610 superstabunt
382 3530 515 3592 volucres
528 3529 677 3591 inhumata
691 3532 807 3594 marine
821 3533 833 3595 ἓ

112 3629 189 3692 Haeo
203 3644 270 3694 sunt
284 3631 387 3695 officiis
401 3633 488 3717 digna
503 3635 641 3722 sepulcra
652 3635 752 3702 ntus?
