2264 4042
402 222 586 285 nttsuotnt
604 224 667 283 vn.
965 226 1023 288 161

55 390 88 453 Si
102 388 196 473 pudet
210 388 308 451 uxoris
320 410 329 466 3
342 408 401 450 non
414 399 514 471 nupta,
529 385 583 448 sed
596 384 710 469 hospita
724 380 815 447 dicar.
964 381 1024 440 135

99 494 182 556 Dum
198 505 249 556 tua
263 493 299 555 sit
312 491 403 567 Dido,
419 491 568 576 quodlibet
582 512 647 555 esse
661 486 747 551 seret.

55 597 88 662 N
88 610 138 661 ota
151 598 221 660 mihi
235 596 309 660 sreta
323 610 388 660 sunt
403 596 510 681 Afrum
524 594 685 678 frangentia
697 595 794 656 littus:

99 701 299 785 Temporibus
312 702 400 765 certis
414 701 541 783 dantque
556 712 721 782 negantque
735 699 822 760 viam.

56 805 138 869 Ciam
153 807 233 869 dabit
247 807 419 882 aurariam,
435 804 579 887 prebebis
593 804 717 866 carbasa
730 802 833 864 ventis.

101 911 191 974 Nunc
205 911 278 974 levis
292 910 418 995 ejectam
433 909 562 972 continet
575 909 639 992 alga
654 921 757 971 ratem.
966 909 1025 968 140

57 1014 194 1098 Tempus
207 1028 240 1077 ut
252 1015 419 1090 observem,
433 1014 542 1079 manda
556 1013 625 1076 mihi
637 1035 646 1092 3
661 1012 768 1076 certius
781 1011 856 1076 ibis:

101 1119 225 1196 Necte,
240 1121 263 1182 si
278 1119 380 1203 cupies
393 1120 465 1203 ipse,
480 1140 600 1182 manere
615 1118 717 1182 sinam.

38 1247 42 1252 ·
57 1223 100 1288 Et
114 1225 185 1288 socii
199 1226 331 1308 requiem
345 1238 478 1308 poscunt,
491 1226 655 1307 laniataque
670 1224 771 1288 classis

101 1328 235 1393 Postulat
249 1331 371 1414 exiguas
385 1328 571 1393 semirefecta
584 1348 691 1391 moras.

49 1432 121 1519 'Pro
135 1434 255 1510 meritis,
270 1448 301 1498 et
315 1435 398 1517 siqua
411 1434 461 1497 tibi
475 1433 668 1517 praebebimus
688 1432 772 1508 ultra,
967 1435 1026 1494 145

56 1522 59 1527 ’
103 1536 167 1602 Pro
180 1559 233 1622 ape
248 1538 374 1622 conjugii
388 1553 521 1622 tempora
534 1558 626 1620 parva
642 1553 722 1619 peto.

10 1718 12 1723 ¹
58 1640 145 1707 Dum
159 1640 235 1705 freta
247 1642 413 1717 mitescunt,
428 1655 458 1704 et
471 1642 584 1703 Amor:
599 1641 670 1702 dum
684 1653 817 1724 tempore
832 1652 862 1703 et
875 1660 930 1702 usu

103 1744 234 1811 Fortiter
248 1745 349 1808 edisco
362 1745 451 1808 tristia
465 1767 551 1829 posse
566 1746 634 1830 pati.

62 1850 116 1915 Sin
129 1849 247 1930 minirs;
262 1865 307 1914 est
320 1851 433 1914 animus
447 1852 530 1914 nobis
544 1852 695 1916 effundere
709 1853 808 1917 vitam.

104 1954 141 2017 In
155 1974 203 2017 me
218 1955 344 2017 crudelis
359 1977 416 2017 non
430 1970 514 2039 potes
528 1978 594 2020 csse
609 1958 669 2020 diu.
968 1964 1029 2022 150

63 2059 219 2144 Adspicias
232 2061 352 2136 utinam,
367 2082 430 2144 quae
446 2061 481 2123 sit
494 2062 644 2124 scribentis
658 2064 774 2145 imago!

108 2164 269 2226 Scribimus
281 2187 291 2242 ;
306 2179 336 2226 et
349 2166 459 2246 gremio
473 2165 603 2243 Troicus
618 2165 694 2228 ensis
709 2166 810 2230 adest:
885 2166 889 2173 '

63 2267 183 2351 Perque
198 2289 288 2350 genas
302 2268 439 2349 lacryma
454 2268 584 2330 strictum
599 2269 732 2330 labuntur
746 2269 776 2330 in
791 2288 913 2348 ensem3

108 2371 171 2446 Qui
181 2371 245 2456 jam
259 2394 312 2457 pro
326 2372 463 2454 lacrymis
477 2371 616 2452 sanguine
631 2371 736 2434 tinctus
756 2373 819 2435 erit.

65 2475 168 2550 Quam
183 2478 259 2540 bene
275 2475 451 2538 conveniunt
464 2472 523 2537 sato
538 2489 587 2537 tua
601 2497 723 2541 munera
737 2479 853 2541 nostro!
971 2484 1030 2543 155

108 2581 228 2644 Instruis
242 2578 376 2662 impensi
386 2593 483 2642 nostra
496 2581 629 2664 sepulcra
644 2581 735 2644 brevi.

65 2685 136 2748 Nec
150 2706 218 2747 mea
232 2706 310 2747 nunc
323 2684 418 2769 primo
432 2685 571 2749 feriuntur
585 2701 706 2770 pectora
720 2689 800 2751 telo:

109 2788 163 2851 Ille
177 2789 259 2852 locus
273 2790 340 2852 saevi
353 2790 456 2851 vulnus
466 2791 584 2852 Amoris
597 2792 696 2855 habet.

66 2895 157 2958 Anna
170 2915 262 2969 soror,
278 2914 358 2956 soror
369 2895 465 2970 Anna,
480 2916 553 2957 merc
568 2898 644 2959 male
660 2901 778 2962 conscia
792 2902 895 2985 culpa,

110 2996 180 3060 Jam
194 2997 277 3060 dabis
290 2998 319 3058 in
334 2998 447 3060 cineres
461 3000 561 3061 ultima
576 3001 651 3062 dona
666 3023 758 3064 meos.
972 3011 1032 3069 150

66 3102 100 3166 N
101 3124 148 3179 ec,
164 3116 335 3190 consumpta
348 3103 436 3186 rogis,
449 3103 599 3177 inscribar,
615 3101 712 3166 Elissa
727 3104 855 3187 Sichaei;

113 3206 184 3270 Hoc
197 3220 296 3269 tamen
310 3207 339 3269 in
353 3206 455 3268 tumuli
470 3227 615 3268 marmore
626 3229 745 3273 carmen
761 3211 834 3273 erit:

68 3311 220 3397 ‘'Praebuit
233 3311 345 3374 AEneas
363 3325 392 3374 et
406 3333 526 3374 cansam
541 3312 640 3374 mortis
654 3327 684 3376 et
698 3335 809 3380 ensem.

112 3415 182 3503 Ipsa
195 3415 249 3483 suit
262 3415 344 3478 Dido
359 3417 485 3481 concidit
496 3438 549 3480 usa
563 3418 673 3480 manu'

326 3518 386 3581 14*
