2264 4042
450 252 565 308 mann
583 252 645 307 XV.
687 256 689 262 ’

61 410 143 473 Cum
156 409 273 473 Junone
288 407 390 492 magis.
436 409 520 482 Quid
535 431 614 472 nunc
629 409 746 491 antiqua
757 404 898 470 recordor

61 513 182 577 Damna
198 515 256 576 mei
270 513 408 596 generis?
430 514 517 576 timor
531 514 579 577 hic
595 513 762 576 meminisse
776 512 907 596 priorum
934 553 938 560 -

24 604 25 609 ἵ
61 620 133 684 Non
148 620 223 682 sinit.
267 619 302 682 ln
316 642 365 682 me
381 620 446 682 acui
462 621 621 682 sceleratus
635 619 752 682 cemitis
766 639 874 697 enses3

61 724 149 797 Quos
162 726 326 809 prohibete,
351 746 457 808 precor
469 747 479 803 ;
494 724 666 808 facinusque
680 725 832 808 repellite:
850 742 926 785 neve
971 723 1034 783 230

14 822 20 829 ’
59 828 155 892 Caede
170 831 331 894 sacerdotis
345 830 480 893 flammas
495 831 670 914 exstinguite
688 829 810 892 Veste!

103 934 192 998 Talia
205 936 403 1018 nequicquam
418 950 478 998 toto
492 935 598 999 Venus
612 936 700 999 anxia
713 935 791 998 coelo

59 1037 163 1102 Verba
180 1041 263 1124 jacit,
279 1062 459 1125 superosque
474 1056 584 1104 movet.
629 1040 692 1114 Qui
713 1060 851 1125 rumpere
866 1060 1038 1125 quanquam

59 1142 174 1207 Ferrea
188 1168 246 1208 non
260 1160 381 1229 possunt
395 1159 527 1209 veterum
542 1147 663 1210 decreta
678 1145 832 1222 Sororum,

60 1250 153 1334 Signa
167 1265 266 1314 tamen
280 1251 376 1315 luctirs
390 1252 459 1315 dant
473 1252 553 1314 haud
568 1253 681 1315 incerta
700 1250 799 1313 futuri.
972 1251 1035 1311 235

103 1356 197 1419 Arma
212 1357 308 1420 serunt
321 1359 395 1420 inter
409 1359 507 1440 nigras
521 1357 692 1440 crepitantia
706 1358 810 1432 nubes,

57 1460 279 1544 Terribilesque
293 1463 388 1539 tubas,
404 1464 560 1545 auditaque
575 1484 686 1525 cornua
703 1463 780 1524 coelo

57 1565 275 1630 Praemonuisse
290 1564 384 1627 nefas.
429 1566 539 1628 Phoebi
555 1584 673 1648 quoque
687 1566 774 1628 tristis
788 1565 886 1647 imago

58 1670 174 1734 Lurida
189 1672 316 1734 sollicitis
329 1671 479 1753 praebebat
493 1671 604 1734 lumine
620 1672 713 1734 terris.
759 1656 762 1665 ’

60 1775 148 1859 Saepe
164 1776 246 1838 faces
261 1777 329 1838 visae
346 1775 452 1838 mediis
468 1776 572 1839 ardere
587 1778 641 1840 sub
657 1777 756 1840 astris:
970 1779 1035 1839 240
1082 1818 1085 1827 -

60 1880 148 1965 Saepe
164 1883 238 1944 inter
252 1883 367 1945 nimbos
381 1896 467 1964 guttae
482 1882 622 1946 cecidere
636 1897 775 1946 cruente.

57 1985 194 2049 Caerulus
210 2001 239 2048 et
253 1989 364 2049 vultum
379 1986 526 2070 ferrugine
543 1987 665 2050 Lucifer
679 1990 744 2052 atrb

59 2090 188 2174 Sparsus
203 2107 263 2155 erat
277 2116 284 2152 :
300 2094 390 2177 sparsi
406 2093 542 2155 Lunares
557 2093 697 2174 sanguine
712 2114 826 2155 currus.

57 2196 169 2260 Tristia
182 2198 260 2259 mille
275 2199 347 2259 locis
363 2197 483 2280 Stygius
498 2197 580 2258 dedit
594 2197 692 2258 omina
706 2198 786 2259 bubo
800 2220 808 2258 ε

57 2300 141 2362 Mille
157 2302 228 2364 locis
244 2301 414 2384 lacrymavit
429 2302 520 2362 ebur:
535 2313 697 2381 cantusque
713 2299 842 2363 feruntur
969 2304 1034 2364 245

58 2405 170 2481 Auditi,
186 2406 293 2468 sanctis
308 2418 338 2466 et
351 2405 443 2465 verba
457 2404 583 2465 minacia
597 2404 681 2465 lucis.

57 2510 188 2573 Victima
201 2511 280 2572 nulla
294 2510 372 2570 litat:
387 2529 568 2590 magnosque
583 2509 688 2571 instare
703 2510 845 2573 tumultus

58 2614 151 2678 Fibra
165 2629 286 2693 moner3
302 2635 469 2696 casumque
484 2629 573 2696 caput
586 2614 729 2698 reperitur
743 2615 772 2677 in
788 2616 874 2679 extis.

57 2721 151 2804 Inque
166 2719 239 2796 soro,
254 2720 425 2802 circumque
441 2720 555 2796 domm,
571 2734 601 2780 et
614 2720 724 2804 templa
739 2721 863 2784 deorum

57 2824 227 2887 Nocturnus
241 2823 367 2886 ululasse
383 2845 473 2886 canes
486 2846 495 2902 3
510 2825 687 2907 umbrasque
704 2825 839 2888 silentiam
968 2832 1034 2890 250

58 2929 213 2991 Erravisse
229 2929 333 3004 ferma,
348 2942 517 3011 motamque
532 2930 707 2992 tremoribus
722 2932 836 2992 urbem.

59 3034 129 3096 Non
144 3048 242 3096 tamen
253 3034 382 3109 insidias,
397 3047 577 3115 venturaque
593 3034 711 3094 vincere
728 3032 787 3095 sata

57 3139 252 3208 Praemonitus
266 3139 389 3222 potuere
404 3136 511 3198 detim:
529 3137 677 3218 strictique
693 3135 825 3200 seruntur

57 3243 92 3304 In
106 3244 248 3326 templum
264 3243 373 3325 gladii:
395 3262 493 3323 neque
509 3241 588 3302 enim
599 3242 682 3303 locus
696 3242 771 3304 ullus
785 3243 815 3305 in
833 3241 917 3310 Urbe

57 3348 107 3409 Ad
123 3346 245 3423 lacinus,
261 3348 413 3430 diramque
428 3347 535 3430 placet,
550 3346 603 3408 nisi
619 3345 721 3424 Curia,
737 3350 862 3412 caedem.
966 3355 1029 3418 255

101 3451 182 3514 Tum
197 3452 268 3514 verb
283 3451 435 3533 Cytherea
448 3474 538 3514 manu
552 3451 696 3534 percussit
709 3454 832 3538 utrique

58 3556 189 3618 Pectus:
206 3569 235 3618 et
250 3555 377 3617 ethered
390 3557 506 3619 molitur
520 3557 650 3620 condere
664 3559 753 3636 nube,

57 3659 126 3730 Qua
134 3660 338 3803 ριίὺεΙξζθεῑο
347 3660 434 3726 Paris
450 3677 496 3728 est
511 3680 635 3752 ereptus
650 3666 792 3758 nanda„
881 3690 886 3705 ¹
