2264 4042
410 290 430 306 ,,
461 227 589 296 trena
607 238 670 295 xv.
712 318 715 324 ⁵
784 316 787 321 Ι

71 393 104 458 N
105 416 152 471 ec,
168 396 222 458 nist
236 396 305 458 edm
320 398 415 460 senior
430 398 536 483 similes
551 396 708 480 equaverit
727 412 828 469 annos,

70 499 231 563 AEthereas
245 498 331 565 sedes
345 517 528 586 cognataque
544 503 638 565 sidera
654 516 763 585 tanget.
828 533 832 540 ·

73 602 164 666 Hanc
179 607 305 669 animam
319 609 429 697 interea
444 629 525 672 caeso
540 608 578 670 de
593 629 717 690 corpore
732 620 856 688 raptam,

72 708 139 773 Fac
156 711 252 796 jubar,
268 727 300 775 ut
314 735 431 798 semper
447 713 593 797 Capitolia
606 699 704 784 nostra
720 697 892 793 Forbmque

71 813 168 905 Divus
184 817 221 879 ab
235 817 357 881 excelsi
370 832 538 903 prospectet
550 817 645 881 Julius
659 816 744 879 aede..’
976 811 1039 872 295

115 919 176 982 Vix
192 921 319 984 ea'latus
334 936 406 997 erat,
420 923 521 985 mediis
534 923 603 985 cirm
618 922 690 985 sede
706 919 833 982 Senanis

71 1022 211 1087 Constitit
225 1027 303 1088 elma
317 1025 430 1104 Venus,
445 1028 513 1090 nulli
535 1028 693 1103 cernenda,
708 1027 820 1111 suique.

72 1127 201 1194 Cesaris
215 1132 319 1215 eripuit
332 1133 480 1209 membris,
498 1146 554 1196 nec
566 1134 598 1196 in
613 1137 682 1197 adra
695 1133 767 1213 solvi

72 1233 169 1299 Passa
183 1252 331 1300 recentem
348 1240 485 1315 animam,
500 1240 668 1302 coelestibus
682 1239 775 1300 intrdit
789 1235 882 1298 astris.
978 1260 981 1265 ·

72 1339 217 1424 Dumque
231 1343 303 1419 tulit,
314 1343 413 1406 lumen
429 1365 550 1427 cepere,
566 1359 652 1426 atque
667 1345 820 1427 ignescere
835 1338 934 1415 sensit,
979 1340 1041 1400 300
1064 1381 1070 1391 ·

73 1444 240 1530 Emisitque
256 1449 330 1510 sinu.
375 1448 463 1510 Lunai
477 1451 554 1512 volat
568 1450 651 1512 altibs
664 1450 722 1522 illa,

36 1550 41 1555 ’
73 1548 359 1635 Flammiferumque
372 1554 490 1615 trahens
505 1554 631 1634 spatioso
644 1552 734 1614 limite
748 1552 859 1632 crinem

75 1641 169 1720 Stella
183 1658 283 1733 micat,
297 1658 415 1740 natique
430 1657 532 1719 videus
546 1658 622 1723 bene
636 1655 723 1732 sacta,
739 1655 843 1719 latetur

75 1760 154 1825 Esse
170 1764 228 1825 suis
243 1761 364 1847 majora,
379 1776 408 1825 et
423 1763 497 1825 vinci
512 1763 620 1844 gaudet
635 1762 671 1824 ab
688 1762 746 1824 illo.

75 1865 138 1930 Hic
153 1890 205 1930 sua
220 1867 347 1951 praeserri
363 1888 530 1951 quanquam
541 1882 619 1931 vetat
630 1882 696 1932 acta
706 1868 852 1951 palemis3
981 1871 1043 1930 305

76 1970 188 2035 Libera
202 1971 281 2034 sama
295 1987 403 2049 tamen,
418 1973 559 2056 nullisque
574 1974 702 2037 obnoxia
718 1974 817 2058 jussis,

75 2075 201 2139 Invitum
215 2077 351 2160 praesert3
366 2077 484 2160 unique
498 2079 526 2139 in
541 2093 623 2160 parte
632 2091 784 2159 repugnat.
889 2064 891 2068 ⁵

29 2172 35 2184 ’
78 2181 130 2243 Sic
144 2182 241 2264 magni
256 2183 335 2244 cedit
347 2183 434 2244 titulis
448 2182 679 2263 Agamemnonis
694 2183 823 2244 Atreus:

76 2285 175 2368 AEgea
189 2287 231 2348 sic
245 2285 392 2361 TheseuS,
408 2287 450 2348 sic
466 2284 560 2347 Pelea
574 2286 662 2347 vincit
675 2284 816 2346 Achilles
884 2297 887 2303 ’

77 2389 227 2472 Denique,
242 2407 274 2453 ut
285 2391 429 2472 exemplis
442 2389 521 2471 ipsos
536 2389 715 2471 aequantibus
730 2402 803 2465 utar,
985 2392 1047 2451 310

80 2496 132 2558 Sic
147 2511 178 2557 et
193 2496 336 2558 Saturnus
350 2495 444 2556 minor
459 2509 503 2556 est
515 2493 600 2557 Jove.
644 2493 759 2578 Jupiter
773 2514 857 2557 arces
956 2526 959 2530 *

77 2595 244 2683 Temperat
258 2600 409 2675 ethereas,
424 2613 454 2661 et
467 2600 568 2661 mundi
583 2621 672 2682 regna
687 2599 843 2662 triformis:

78 2704 179 2767 Terre
193 2707 247 2768 sub
261 2707 415 2788 Augusto:
437 2720 520 2789 pater
535 2719 580 2768 est
594 2720 623 2768 et
636 2720 733 2768 rector
744 2721 881 2790 uterque,

123 2809 176 2885 Di,
192 2832 306 2892 precor,
321 2811 425 2873 AEneae
440 2799 575 2886 comiteS,
588 2811 692 2894 quibus
707 2812 783 2873 ensis
798 2824 828 2872 et
841 2811 914 2892 ignis

80 2913 252 2990 Cesserunt,
268 2913 356 2997 dique
372 2915 529 2997 Indigetes,
544 2917 725 2999 genitorque,
740 2914 874 2989 Quirine,
928 2969 931 2975 .
986 2919 1048 2976 315

78 3013 181 3091 Urbis,
197 3029 227 3077 et
240 3016 333 3077 invicti
355 3016 476 3098 genitor,
493 3016 631 3091 Gradive,
647 3015 774 3090 Quirini,

79 3119 231 3202 Vestaque
246 3119 401 3183 Caesareos
415 3121 489 3181 inter
504 3133 616 3183 saerata
635 3118 774 3195 Penates,
878 3113 881 3118 ⁵

81 3225 207 3287 Etcum
222 3224 361 3287 Caesared
374 3238 415 3300 tu,
430 3223 548 3286 Phoebe
563 3224 737 3301 domestice,
748 3222 850 3301 Vestri,

81 3328 203 3413 Quique
219 3326 301 3392 tenes
316 3331 389 3392 altus
403 3328 559 3412 Tarpeiae,
572 3327 695 3412 Jupiter,
711 3350 803 3405 arces,
850 3316 851 3319 Ἴ

83 3433 227 3517 Quosque
243 3434 313 3496 alios
328 3435 384 3496 vati
399 3432 443 3497 sas
458 3434 603 3517 appellare
617 3434 775 3517 piumque3
988 3445 1050 3504 320

82 3537 186 3600 Tarda
201 3540 235 3601 sit
249 3539 297 3600 illa
312 3539 384 3613 dies,
400 3553 430 3600 et
443 3553 541 3601 nostro
555 3539 646 3601 serior
660 3561 731 3615 evo,

83 3643 157 3720 Qut
171 3659 259 3728 caput
274 3646 449 3726 Augustum,
465 3666 553 3727 quem
568 3658 722 3728 temperat,
737 3648 808 3709 orbe
823 3647 923 3709 relicto

83 3751 220 3816 Accedat
233 3750 320 3825 coelo,
335 3748 489 3830 faveatque
504 3750 688 3829 precantibus
703 3750 816 3810 absens.
