2264 4042
328 262 443 321 Lmen
460 264 537 320 XIII.

54 422 116 484 lere
130 443 138 482 t
160 435 191 483 et
206 420 313 484 edidici
327 422 397 504 quid
416 421 530 504 perfida
542 418 637 504 Troja
650 430 777 503 pareret.

55 524 84 585 ia
97 521 255 604 cognoram
268 545 276 583 ε
297 544 364 597 nec,
380 523 458 605 quod
474 522 651 605 specularer,
666 519 835 583 habebam:

54 649 89 688 ru
103 627 251 710 praemissi
263 641 398 710 poteram
411 647 481 690 oum
495 625 584 688 laude
599 625 715 687 reverti.

54 731 66 793 l
81 745 233 794 contentus
248 731 294 807 ed,
310 732 379 815 petii
393 731 518 794 tentoria
533 730 638 805 Rhesi,

54 857 65 898 a
80 837 138 898 suis
152 837 247 919 ipsum
262 837 364 898 castris
379 836 560 918 comitesque
575 835 698 918 peremi.
880 834 947 895 250

54 962 71 1003 e
86 941 125 1002 ita
139 940 254 1022 captivo
268 940 361 1001 victor
376 940 507 1022 votisque
522 939 638 1023 potitus,

54 1044 123 1106 rdior
138 1066 225 1106 curru
241 1045 322 1106 laetos
343 1044 472 1107 imitante
486 1045 647 1127 triumphos
660 1067 670 1123 ;

54 1170 74 1210 is
89 1169 181 1231 equos
194 1149 319 1231 pretium
334 1169 388 1230 pro
402 1162 490 1210 nocte
505 1163 680 1233 poposcerat
694 1148 794 1210 hostis.

54 1274 65 1314 a
79 1266 184 1335 negate
199 1254 268 1314 mihi
283 1277 291 1314 r
313 1251 455 1336 lireritque
470 1254 621 1334 benignior
636 1238 726 1337 aljar.

54 1356 99 1417 rid
114 1353 200 1439 Lycii
214 1355 341 1419 reseram
359 1357 543 1439 Sarpedonis
558 1357 674 1440 agmina
689 1355 767 1419 ferro
882 1355 946 1416 255

55 1474 134 1523 stata
148 1461 241 1523 meo?
264 1460 346 1523 Cum
360 1462 452 1524 multo
467 1463 610 1544 sanguine
631 1460 692 1522 fudi

55 1587 132 1640 mon,
149 1564 344 1648 Hippasiden‚
360 1578 389 1625 et
398 1567 601 1646 Alastoraque,
617 1563 862 1647 Chromiumque,

55 1671 223 1751 rdrumque,
239 1667 431 1749 Haliumque,
454 1668 682 1752 Nodmouaque,
698 1668 909 1752 Prytaninque,

55 1794 132 1854 oque
148 1773 216 1834 dedi
232 1793 301 1834 cum
317 1770 565 1834 Chersidamante
581 1772 719 1850 Thoona,

55 1876 199 1959 lheropen,
214 1875 339 1958 satisque
354 1877 512 1940 immitibus
527 1876 686 1941 Ennomon
701 1892 819 1943 actum:
877 1879 943 1940 260

55 2001 94 2062 ¹ue
109 1981 203 2043 mimis
218 1981 351 2044 celebres
368 1980 468 2044 nostrai
482 1983 535 2044 sub
551 1983 697 2045 moenibus
712 1984 792 2046 urbis

55 2084 164 2146 ubudre
180 2107 278 2148 manu.
326 2084 401 2146 Sunt
417 2086 532 2146 etmihi
547 2087 677 2160 vulnera,
693 2087 783 2160 cives,

55 2189 176 2271 pulchra
190 2190 275 2251 loco:
297 2210 354 2251 nec
370 2189 451 2251 vanis
466 2189 578 2250 credite
592 2189 690 2250 verbis
704 2212 712 2248 :

55 2290 105 2351 :ite
121 2312 157 2351 en
172 2292 178 2351 !
193 2291 201 2319 ’
218 2289 404 2373 (vestemque
420 2312 508 2350 manu
524 2290 648 2373 diducit)
665 2304 704 2366 et,
720 2290 817 2355 ‘Haec
832 2298 898 2354 sunt

55 2416 100 2456 ora
115 2395 252 2475 somper,’
269 2394 317 2468 ait,
334 2394 457 2454 ‘vestris
473 2394 604 2456 exercita
619 2396 717 2458 rebus.
880 2398 943 2460 265

58 2499 95 2559 hil
110 2498 252 2580 impendit
266 2518 319 2579 per
333 2511 375 2559 tot
389 2497 581 2562 Telamonius
595 2521 688 2564 annos

58 2603 129 2663 uinis
144 2603 173 2662 in
188 2602 303 2663 socios:
326 2616 356 2663 et
369 2599 533 2665 lrabet'sine
548 2605 667 2667 vulnere
683 2627 801 2688 corpus.

56 2707 98 2767 tid
114 2721 211 2767 tamon
226 2706 283 2767 lroo
298 2705 397 2781 refert,
413 2708 435 2769 si
452 2730 483 2769 se
499 2730 552 2790 pro
567 2709 661 2772 classe
677 2709 806 2793 Pelasgi

56 2833 65 2871 r
80 2810 177 2871 tulisse
193 2809 282 2872 refert
297 2826 398 2871 contra
413 2811 571 2894 Troasque
589 2813 780 2896 lovemque?

56 2916 193 2997 itemque,
209 2914 289 2975 tulit:
311 2935 407 2996 neque
426 2917 504 2976 enirn
518 2918 595 2978 bene
611 2917 687 2979 sacta
705 2918 831 3000 maligne
880 2923 959 3001 270⁴

56 3033 149 3080 actare
164 3041 265 3079 mcum
281 3034 342 3079 ost:
366 3019 418 3079 sed
434 3041 490 3080 nec
505 3021 674 3080 communia
689 3020 766 3082 solus

56 3137 121 3204 tpet,
138 3138 222 3204 atque
239 3122 365 3203 aliquem
381 3121 462 3182 vobis
478 3143 594 3204 quoque
609 3122 715 3185 reddat
728 3123 881 3186 honorem.

56 3226 94 3286 rlit
109 3225 274 3300 Actoridae,
291 3226 344 3287 sub
360 3224 485 3306 imagine
501 3216 577 3286 tutus
593 3225 724 3302 Achillis,

59 3353 71 3393 s
87 3331 123 3390 ab
140 3331 245 3392 arsuris
257 3353 326 3392 cum
342 3328 497 3392 defensore
514 3330 629 3394 carinis.

61 3457 89 3495 m
106 3435 192 3496 ctiam
208 3433 360 3498 Hectoreo
375 3436 470 3497 solum
486 3457 660 3500 concurrere
677 3437 765 3501 Marti
790 3451 793 3458 '
877 3446 940 3503 275

56 3553 123 3613 utut,
138 3540 242 3601 oblitus
257 3541 401 3623 regisque,
419 3542 598 3624 ducumque,
613 3544 751 3627 meique,

57 3665 81 3704 rs
96 3644 123 3706 in
139 3645 246 3719 officio,
262 3658 291 3706 et
304 3647 438 3726 prelatus
452 3670 573 3711 munere
588 3650 682 3714 sortis.
