2264 4042
355 486 495 589 lm,
520 478 755 579 mm.

75 847 154 911 Non
168 866 223 930 ego
240 847 345 932 juncta
358 846 423 922 viae,
437 847 507 909 oirm
522 847 577 910 sim
591 847 653 910 sine
667 845 788 909 erimine
802 845 876 922 vitae,

117 953 148 1039 A
161 952 269 1035 populo
284 952 363 1014 saxis
376 965 569 1034 pretereunte
583 966 678 1037 petor.

73 1055 209 1119 Obruere
224 1056 278 1118 ista
293 1056 366 1119 solet
379 1056 546 1122 manifestos
561 1079 649 1142 poena
664 1071 814 1134 nocentes,

117 1159 241 1222 Publica
255 1161 324 1223 oum
339 1161 448 1225 lentam
462 1185 519 1226 non
534 1165 614 1248 capit
627 1164 669 1226 ira
684 1185 808 1226 moram.

74 1265 126 1328 Nil
141 1287 196 1349 ego
210 1267 333 1350 peceavi
346 1289 354 1328 ι
368 1267 422 1330 nisi
436 1268 460 1330 si
470 1266 614 1350 peccasse
629 1281 760 1344 vocetur,

117 1371 225 1433 Annua
238 1371 341 1434 cultori
356 1392 444 1455 poma
457 1371 566 1435 referre
581 1395 645 1436 suo.

71 1475 115 1538 At
128 1476 208 1558 pribs
224 1476 382 1550 arboribus,
397 1491 459 1537 turn
473 1477 544 1538 oiun
558 1477 680 1539 meliora
693 1475 776 1540 fuere

116 1579 281 1662 Tempora,
296 1593 447 1641 certamen
462 1579 611 1645 fertilitatis
625 1593 697 1643 erat.

72 1684 156 1748 cum
171 1683 279 1745 domini
294 1704 441 1747 memores
454 1685 538 1771 sertis
551 1707 655 1748 ornare
669 1685 802 1749 solebant

116 1787 278 1870 Agricolas,
293 1786 388 1849 fructu
402 1787 601 1869 proveniente,
616 1787 699 1850 deos.

74 1893 163 1977 Saepe
175 1907 239 1955 tuas
252 1892 346 1974 igitur,
359 1889 460 1967 Liber,
476 1892 594 1955 miratus
606 1914 638 1956 es
653 1915 742 1956 uvas:

117 1997 224 2061 Mirata
238 2011 282 2060 est
293 1997 374 2060 oleas
388 2017 466 2080 saepe
476 1994 612 2059 Minerva
622 2018 699 2059 suas.

74 2103 229 2185 Pomaque
244 2103 384 2164 laesissent
396 2115 520 2162 matrem
533 2121 543 2178 ;
556 2099 586 2174 pi
601 2100 716 2183 subdita
729 2121 824 2165 ramo·¹
968 2173 970 2177 ,

118 2205 223 2288 Longa
237 2204 377 2267 laboranti
392 2201 474 2264 furca
488 2203 598 2266 tulisset
612 2224 710 2285 opem.
888 2186 890 2191 ¹

73 2311 116 2374 Ar
129 2325 283 2394 postquam
297 2308 428 2393 platanis,
444 2307 571 2369 sterilem
585 2307 778 2390 prebentibus
793 2309 936 2390 umbram,
1000 2319 1038 2378 lo

117 2413 246 2477 Uberior
261 2411 361 2496 quavis
375 2411 479 2474 arbore
494 2411 572 2487 venit
585 2411 700 2492 honos;

74 2518 141 2582 Nos
156 2538 273 2601 quoque
287 2513 430 2599 fmgiferae
447 2512 484 2601 (si
495 2537 557 2579 nux
567 2516 658 2579 modo
672 2538 765 2601 ponor
777 2517 807 2581 in
821 2517 892 2606 illis)

119 2620 275 2705 Coepimus
289 2621 318 2684 in
332 2621 445 2705 patulas
458 2621 605 2684 luxuriare
620 2643 733 2686 eomas.

75 2727 167 2791 Nune
181 2747 277 2809 neque
291 2726 442 2790 oontinuos
456 2740 612 2789 naseuntur
625 2748 714 2810 poma
727 2749 782 2812 per
800 2751 912 2799 annos:

119 2828 244 2914 Uvaqrie
258 2831 326 2896 laesa
340 2829 470 2906 domum,
484 2831 609 2915 laesaque
624 2833 718 2896 bacea
738 2835 826 2897 venit.
996 2841 1040 2900 20

76 2934 168 2998 Certb
185 2956 249 3017 ego,
265 2935 288 2996 si
301 2956 450 3017 nunquam
466 2937 655 3019 peperissem,
668 2937 756 3008 tutior
769 2959 876 3001 essem.

119 3039 178 3101 Ista
193 3037 415 3120 Clytemnestrae
431 3038 519 3120 digna
533 3040 652 3121 querela
666 3038 728 3102 fuit.

76 3143 111 3205 si
126 3144 197 3206 sciat
211 3144 355 3219 boc'vr'tis,
370 3156 522 3205 nascentes
537 3143 697 3226 supprimet
716 3167 805 3209 uvas:

121 3246 273 3331 Orbaque,
288 3250 311 3310 si
325 3248 397 3311 sciat
410 3248 478 3324 hoo,
493 3245 621 3310 Palladis
636 3249 721 3312 arbor
741 3251 803 3315 erit.

52 3419 55 3425 ,
78 3349 149 3414 Ηοο
162 3352 334 3415 innotitiam
348 3353 445 3415 veniat
458 3353 594 3437 maloque
608 3351 729 3437 piroque
742 3376 752 3434 ;

67 3530 71 3535 .
121 3455 288 3520 Destituent
302 3457 387 3520 silvas
402 3470 523 3541 utraque
537 3478 625 3542 poma
641 3479 718 3522 suas.

79 3544 214 3644 Quaeque
228 3561 280 3623 sibi
296 3561 374 3625 vario
389 3561 536 3648 distinguit
548 3586 641 3652 poma
653 3564 769 3643 colore,

108 3665 221 3727 Audiet
231 3668 294 3750 boo
306 3690 453 3763 cerasus3
469 3671 566 3759 stipes
578 3674 681 3740 inanis
695 3671 766 3737 erit.
