2264 4042
61 223 98 284 [6
354 217 735 277 METAMORPHOSEON

281 457 417 502 DAPHNE
440 458 477 501 nt
499 459 634 503 LAURUH
655 457 799 505 marn.

479 632 510 674 v.
527 616 604 675 452.
707 554 767 669 0

53 755 174 821 Primus
189 777 272 822 amor
286 757 397 824 Phoebi
411 759 543 846 Daphne
558 757 697 841 Peneia3
712 780 803 846 quern
817 781 878 823 non
972 763 1039 824 430

53 861 130 951 Fors
144 863 246 947 ignara
260 863 352 943 dedit,
367 864 422 929 sed
437 887 515 931 sarva
530 864 688 951 Cupidinis
700 865 755 930 ira.

52 966 160 1032 Delius
174 968 254 1033 hunc
269 991 375 1054 nuper,
389 969 468 1035 victi
483 984 621 1056 serpente
636 970 792 1055 superbus,

53 1072 181 1139 Viderat
196 1074 327 1141 adducto
342 1074 514 1141 flectentem
528 1097 643 1139 cornua
655 1096 768 1139 nervo:
824 1103 827 1107 ·

53 1178 218 1267 ‘Quidque
233 1181 295 1259 tibi,
309 1181 419 1246 lascive
434 1203 520 1269 puer,
534 1202 606 1246 oum
620 1179 744 1247 fortibus
758 1180 848 1245 armis
859 1179 892 1245 ?'

51 1283 200 1351 Dixerat:
215 1288 292 1352 ‘ista
307 1287 418 1352 decent
430 1288 573 1353 humeros
587 1288 753 1373 gestamina
767 1301 882 1353 nostros
895 1310 905 1369 3
970 1292 1036 1353 435

52 1390 116 1468 Qui
131 1392 203 1457 dare
219 1407 302 1458 certa
316 1391 397 1473 fere,
413 1393 485 1461 dare
499 1394 623 1458 vulnera
635 1415 794 1479 possumus
807 1394 895 1459 hosti.

52 1495 115 1573 Qui
130 1497 233 1578 modi),
247 1497 388 1585 pestifero
402 1513 446 1564 tot
454 1499 563 1587 jugera
575 1514 679 1565 ventre
694 1513 893 1586 prementem,

53 1602 219 1670 Stravimus
232 1607 404 1685 innumeris,
418 1606 566 1672 tumidum
580 1605 731 1693 Pythona,
745 1606 879 1693 sagittis?

52 1706 148 1776 Filius
161 1710 232 1775 huic
246 1709 376 1776 Veneris
387 1734 398 1793 ;
421 1710 531 1796 ‘Figat
544 1724 613 1777 tuus
625 1713 736 1789 omnin,
750 1710 893 1792 Phoebe;

50 1813 100 1879 Te
115 1836 203 1880 meus
217 1816 335 1893 arem)
350 1816 412 1897 εἰη
427 1816 619 1902 ‘quautdque
633 1813 772 1881 animalia
784 1815 897 1881 cedunt

51 1918 172 1987 Cuncta
185 1921 247 1999 tibi,
261 1920 343 1986 tantd
357 1921 453 1987 urinor
468 1935 514 1987 est
527 1935 579 1987 tua
592 1920 685 2007 gloria
697 1918 830 1987 nostri!
969 1929 1031 1990 441

94 2024 704 2114 Dixitzetelisoperonssisairepennis
931 2052 933 2057 ’

50 2129 182 2219 Impiger
196 2130 341 2199 umbrosa
352 2130 495 2199 Parnassi
508 2133 637 2201 consum
650 2154 745 2201 arce:

51 2242 139 2325 nque
154 2236 315 2326 sagittiferi
327 2239 473 2328 prompsit
486 2238 548 2306 duo
560 2238 621 2306 tela
637 2238 793 2326 pharetrd‘

52 2342 249 2411 Diversorum
264 2368 401 2433 operum.
446 2344 548 2432 Fugat
559 2347 629 2426 hoc,
644 2343 719 2413 iacit.
728 2345 800 2411 illud
816 2364 961 2411 amorem.

51 2448 147 2527 Quod
161 2449 241 2529 iacit,
257 2465 394 2516 auratum
408 2465 464 2528 est,
479 2465 510 2515 et
523 2453 648 2537 cuspide
661 2446 755 2536 ialget
769 2451 878 2518 acuti:
968 2456 1035 2517 446

52 2556 146 2632 Quod
161 2555 252 2643 sugat,
266 2556 407 2621 obtusum
421 2568 477 2633 est,
488 2569 521 2620 et
528 2556 620 2621 habet
629 2556 685 2620 sub
699 2556 843 2620 arundine
852 2557 1018 2642 plumbum.

53 2661 124 2728 Hoc
140 2663 215 2726 deus
229 2662 259 2725 in
272 2660 407 2748 nymphi
420 2659 558 2727 Peneide
572 2660 656 2742 fixit3
667 2673 697 2725 at
710 2660 763 2725 illo

51 2766 145 2834 Lasit
156 2767 330 2854 Apollineas
343 2767 467 2855 trajecta
480 2787 536 2852 per
549 2788 619 2833 ossa
631 2766 789 2833 medullas.

51 2872 192 2940 Protinus
207 2874 280 2939 alter
295 2886 397 2955 amat;
411 2871 485 2959 fugit
498 2872 591 2941 altera
604 2893 713 2939 nomen
728 2873 863 2952 amantis,
968 2879 1035 2940 450

56 2978 205 3045 Silvarum
218 2981 349 3060 latebris,
364 2980 607 3068 captivarumque
622 2976 752 3044 ferarum

54 3084 180 3151 Exuviis
195 3086 338 3172 gaudem,
353 3087 540 3173 innuptaeque
556 3085 662 3153 amula
675 3082 822 3152 Phoebes.

52 3190 136 3257 Vitta
150 3193 311 3257 coercebat
324 3191 434 3277 positos
448 3192 512 3257 sine
526 3188 593 3276 lege
609 3190 742 3276 capillos.

52 3296 109 3362 Illa
122 3297 205 3385 sugit,
219 3320 319 3384 neque
334 3298 373 3363 ad
387 3298 453 3361 hec
467 3296 631 3361 revocantis
643 3296 736 3361 verba
748 3296 865 3361 resistit.

53 3399 225 3486 ‘Nympha
241 3421 358 3486 precor,
374 3398 480 3478 Penii,
494 3420 583 3463 mane
597 3421 605 3462 ε
626 3420 687 3462 non
700 3398 838 3485 insequor
852 3399 952 3467 hostis.

52 3502 208 3590 Nympha,
223 3525 323 3568 mane.
370 3501 422 3566 Sic
438 3524 513 3588 agna
527 3503 641 3587 lupum,
657 3500 699 3566 sic
714 3523 804 3566 cerva
816 3503 947 3581 leonem,
968 3507 1034 3571 ten

54 3608 105 3675 Sic
121 3609 250 3697 aquilam
264 3608 365 3698 pennis
379 3606 493 3701 fugiunt
506 3607 672 3696 trepidante
688 3607 854 3689 columhae3
1043 3603 1047 3613 '
