2264 4042
461 272 576 328 LIBER
594 273 643 328 XI.
993 275 1050 333 lll

76 430 189 514 Surge,
205 451 279 514 age:
300 430 340 493 da
353 431 520 513 lacrymas3
542 429 732 512 lugubriaque
746 427 855 491 indue:
877 446 935 490 nec
950 445 1000 488 me

75 536 298 620 Indeploratum
313 537 366 598 sub
381 536 478 598 inania
491 534 620 597 Tartara
633 534 736 597 mitte.'

78 641 190 725 Adjicit
204 642 248 703 bis
264 662 369 703 rocem
384 640 549 722 Morpheus
561 663 571 719 3
593 662 682 723 quam
696 639 828 724 conjugis
842 638 891 700 illa

76 744 227 809 Crederet
240 767 305 810 esse
320 746 374 809 sui.
420 745 524 808 Fletus
539 767 656 828 quoque
672 744 794 806 fundere
811 764 898 805 veros

79 847 167 913 Visus
182 865 264 914 erat:
286 864 461 934 gestumque
476 872 580 912 manus
595 849 708 932 Ceycis
729 849 887 910 habebant.
932 843 969 941 p(
995 851 1057 908 310

124 955 266 1039 [Ingemit
280 954 437 1038 Halcyone
451 957 626 1037 lacrymans,
641 969 790 1038 mutatque
806 954 931 1015 lacertos

76 1058 141 1123 Per
155 1081 311 1123 somnum:
333 1081 497 1144 corpusque
512 1075 615 1143 petens
631 1060 813 1143 amplectitur
829 1079 939 1121 auras:

78 1162 308 1248 Exclamatque,
325 1163 447 1227 ‘Mane
492 1164 564 1239 Quo
579 1181 608 1229 te
625 1163 727 1249 rapis?
749 1164 855 1227 ibimus
872 1159 978 1245 unri.’]

78 1265 171 1332 Voce
187 1271 241 1345 sui,
256 1270 416 1353 specieque
430 1271 494 1346 viri,
509 1271 625 1333 turbata
641 1291 779 1354 soporem

77 1371 224 1436 Excutit:
246 1389 277 1437 et
289 1374 385 1456 primb
401 1374 424 1436 si
440 1375 475 1437 sit
489 1375 686 1459 circumspicit
699 1375 768 1452 illic,
993 1375 1056 1435 315

76 1478 141 1552 Qui
155 1480 246 1541 modb
261 1481 341 1542 visus
356 1495 430 1541 erat.
475 1481 555 1542 Nam
570 1482 641 1542 moti
660 1502 734 1543 voce
750 1479 871 1541 ministri

75 1583 240 1647 Intulerant
253 1585 365 1644 lumen.
410 1584 574 1664 Postquam
588 1605 647 1646 non
662 1584 770 1644 invenit
784 1603 907 1665 usquam
920 1604 930 1660 3

75 1687 210 1757 Percutit
223 1709 276 1750 ora
291 1709 402 1750 manu:
424 1688 570 1770 laniatque
587 1710 604 1750 a
618 1701 739 1771 pectore
755 1701 872 1750 vestes:

75 1791 265 1877 Pectoraque
279 1794 343 1876 ipsa
357 1791 432 1856 serit.
478 1792 546 1855 Neo
561 1794 674 1855 crinem
688 1793 802 1856 solvere
821 1806 926 1872 curat3

76 1896 213 1960 Scindit:
235 1911 265 1959 et
280 1897 380 1974 altrici,
398 1917 461 1981 que
476 1896 572 1961 luctus
588 1919 687 1974 causa,
702 1899 824 1981 roganti,
992 1901 1056 1960 320

75 2000 189 2064 ‘Nulla
203 2016 248 2064 est
262 2000 430 2085 Halcyone,
445 2003 524 2064 nulla
539 2004 603 2078 est‚'
619 2003 679 2081 ait3
702 2003 831 2065 ‘occidit
846 2001 905 2064 unia

76 2105 159 2168 Cum
174 2105 280 2188 Ceyce
296 2128 358 2169 suu.
406 2107 537 2170 Solantia
552 2107 640 2168 tollite
660 2109 761 2168 verba.

75 2208 245 2292 Naufragus
258 2211 373 2275 interiit.
418 2210 499 2285 Vidi,
515 2211 678 2292 agnovique
695 2233 705 2288 3
726 2231 890 2292 manusque

25 2358 30 2371 .
75 2315 127 2376 Ad
142 2314 355 2390 discedentem,
371 2315 494 2397 cupiens
508 2314 645 2386 retinere,
660 2313 782 2374 tetendi.

75 2416 192 2481 Umbra
206 2417 301 2500 sugit:
323 2419 419 2480 sedet
433 2418 538 2480 umbra
552 2431 651 2479 tamen
666 2416 830 2495 manifesta,
847 2419 960 2504 virique
993 2423 1055 2482 825

76 2521 158 2586 Vera
172 2523 242 2584 mei.
289 2522 360 2585 Non
375 2524 422 2584 ille
439 2522 568 2605 quidem,
584 2522 607 2584 si
623 2523 738 2607 quaeris,
753 2524 882 2588 habebat

75 2627 227 2690 Adsuetos
242 2627 357 2690 vultus:
380 2649 447 2703 nec,
463 2649 521 2710 quo
535 2628 615 2712 priris
630 2650 692 2706 ore,
707 2629 827 2692 nitebat.

75 2731 251 2808 Pallentem,
266 2733 448 2817 nudumque,
464 2747 494 2794 et
509 2733 605 2796 adhuc
620 2734 760 2799 humente
776 2736 881 2820 capillo

74 2834 181 2897 Infelix
196 2836 277 2898 vidi:
299 2837 376 2899 stetit
389 2838 447 2898 hoc
462 2837 634 2901 miserabilis
648 2841 712 2922 ipso

76 2938 162 3002 Ecce
176 2940 243 3002 loco
257 2941 286 3001 ε’
309 2955 340 3002 et
354 2942 463 3024 quaerit,
480 2943 601 3025 vestigia
617 2944 640 3005 si
656 2965 715 3025 qua
729 2945 883 3027 supersint.
992 2950 1055 3009 830

75 3052 83 3082 ‘
98 3043 170 3109 Hoc
186 3059 257 3120 erat,
272 3046 330 3111 hoo
345 3047 443 3108 animo
458 3047 538 3129 quod
554 3047 699 3108 divinante
714 3048 854 3110 timebam
867 3071 877 3128 3

72 3140 116 3210 Et
130 3170 179 3224 ne,
196 3150 244 3211 nie
260 3148 385 3232 fugiens,
400 3162 503 3212 ventos
518 3172 676 3233 sequerere
692 3152 857 3234 rogabam?

74 3253 117 3314 At
130 3253 212 3314 cert'e
227 3239 344 3331 vellem,
361 3255 498 3338 quoniam
513 3255 657 3337 periturus
672 3257 782 3335 abibas,

77 3351 132 3421 Me
148 3379 266 3442 quoque
282 3358 427 3422 duxisses.
472 3358 592 3423 Tecmn
607 3359 659 3426 suit
673 3363 753 3439 utile,
770 3377 868 3430 tecum

73 3461 122 3525 lre
136 3463 218 3525 mibi.
265 3457 374 3545 Neque
389 3465 467 3527 euim
483 3464 521 3527 de
535 3465 599 3527 vitae
617 3480 751 3551 tempore
767 3470 927 3554 quidquam
987 3477 1048 3534 335

76 3565 147 3631 Non
158 3567 247 3629 simul
262 3568 409 3650 egissem:
430 3591 487 3635 nec
502 3593 582 3635 mors
597 3571 725 3640 discreta
740 3573 852 3638 luisset.

65 3669 160 3736 Nunc
173 3671 281 3739 absens
290 3694 397 3759 poree,
405 3674 507 3762 jactor
522 3703 604 3747 nunc
621 3681 766 3753 fluctibus
780 3683 916 3747 abseusa
