2264 4042
382 250 685 311 umnam.
859 290 861 297 ,
1036 259 1131 327 aa,

99 411 166 488 Qui
180 413 352 496 lacryment,
367 410 493 503 desunt:
514 409 721 497 indefletaeque
734 425 878 496 raganun

99 514 248 582 Natarum
264 531 450 604 matrumque
465 517 581 594 anirne,
591 517 795 603 juvenumque
809 537 997 604 senumque:

98 618 170 688 Nec
186 624 269 687 iocus
283 624 313 688 in
325 625 465 701 urmuios,
480 642 538 687 nec
552 623 660 688 sufficit
673 624 761 687 arbor
774 622 805 687 in
818 624 913 708 ignes.
986 644 990 651 ·

142 730 290 794 Attonitus
303 743 385 795 tanto
398 730 573 794 miserarum
587 729 703 793 turbine
715 736 827 808 rerum,

63 911 69 916 Ι
99 840 120 874 “
131 833 272 921 Jupiter?
293 836 344 913 o,’'
359 836 432 912 dixi,
449 836 504 900 “si
517 857 578 899 non
592 835 686 919 pudet
699 856 766 899 esse
779 849 955 920 parentem3
1011 841 1075 903 20⁶

96 941 161 1004 Aut
174 940 247 1004 mihi
261 941 357 1030 redde
371 962 466 1018 meos,
481 955 533 1006 aut
545 962 596 1004 me
611 960 729 1026 quoque
744 941 842 1006 conde
856 943 1025 1028 sepulcro.”

95 1044 150 1109 ille
164 1060 264 1111 notam
280 1044 393 1131 fulgore
408 1046 500 1123 dedit,
514 1047 680 1131 tonitruque
695 1047 838 1112 secundo.
896 1050 903 1063 “

96 1156 118 1189 “
127 1151 265 1236 Accipio,
279 1151 394 1236 'sintque
407 1153 462 1217 ista
475 1173 584 1238 precor
597 1151 695 1218 felicia
708 1153 824 1221 mentis

96 1256 191 1342 Signa
203 1259 291 1336 tuae,''
307 1259 388 1323 dixi:
411 1265 431 1298 “
443 1260 524 1344 quod
535 1259 589 1324 das
602 1260 684 1337 mihi,
698 1260 846 1344 pigneror,
861 1263 983 1327 omen.'’

138 1362 231 1428 Forte
242 1362 295 1428 suit
304 1363 392 1451 juxta
404 1365 510 1451 patulis
523 1366 785 1444 rarissimammis,
1008 1373 1075 1435 210

94 1469 190 1536 Sacra
202 1469 280 1548 Jovi,
297 1492 424 1554 quercus
439 1471 478 1534 de
493 1472 606 1534 semiue
621 1471 790 1535 Dodonaeo.
864 1514 871 1521 -

91 1574 154 1640 Hic
168 1598 224 1641 nos
239 1575 397 1660 frugilegas
411 1575 605 1660 adspeximus
618 1576 735 1658 agmine
749 1576 837 1659 longo

49 1687 52 1693 ’
94 1681 217 1746 Grande
231 1703 308 1744 onus
322 1682 432 1766 exiguo
445 1678 584 1744 formicas
599 1702 651 1745 ore
665 1695 812 1765 gerentes,

94 1786 281 1873 Rugosoque
296 1808 383 1850 suum
398 1796 549 1851 servantes
559 1788 674 1852 cortice
689 1789 807 1853 callem.

91 1891 344 1958 Dumnumerum
353 1893 452 1971 miror,
469 1900 489 1930 “
500 1890 653 1972 Totidem,
664 1909 748 1980 pater
756 1897 899 1981 optime,”
908 1899 980 1978 dixi,
1003 1904 1066 1964 215

94 1998 176 2063 “Tu
191 2000 262 2062 mihi
274 2000 314 2062 da
328 1999 431 2063 cives:
451 2013 482 2063 et
496 1999 594 2063 inania
607 2002 718 2064 moenia
727 2002 843 2087 reple.”

91 2104 254 2182 intremuit,
268 2104 416 2189 ramisque
431 2126 537 2168 sonum
552 2104 615 2168 sine
629 2104 750 2169 flamine
765 2107 852 2171 motis
932 2181 938 2197 Ι

91 2212 160 2276 Alta
174 2210 257 2275 dedit
271 2231 408 2296 quercus
455 2208 571 2273 Pavido
585 2211 657 2274 mihi
671 2212 807 2274 membra
820 2213 925 2275 timore

90 2316 284 2394 Horruerant,
293 2316 465 2399 stabantque
481 2336 587 2378 comae.
631 2312 752 2377 Tamen
765 2317 868 2379 oscula
882 2329 977 2395 terra,

89 2422 318 2507 Roboribusque
332 2421 425 2483 dedi:
445 2440 504 2483 nec
518 2439 568 2481 me
582 2439 704 2502 sperare
718 2416 853 2502 fatebar3
999 2429 1063 2494 220

90 2528 256 2616 Sperabam
271 2541 391 2591 tamen:
415 2539 502 2610 atque
517 2525 616 2588 animo
629 2546 700 2589 mea
709 2539 777 2592 vota
791 2525 939 2594 fovebam.

128 2635 203 2699 Nox
218 2633 313 2709 subit:
335 2646 366 2697 et
379 2632 458 2696 curis
472 2631 604 2697 exercita
618 2654 744 2718 corpora
758 2655 878 2699 somnus

88 2741 237 2826 Occupat.
281 2739 360 2802 Ante
374 2739 476 2803 oculos
491 2738 599 2802 eadem
613 2738 685 2802 mihi
699 2759 827 2823 quercus
842 2739 960 2819 adesse,

88 2841 130 2913 Et
142 2869 243 2913 ramos
256 2846 390 2922 totidem,
405 2844 587 2929 totidemque
603 2844 740 2909 annualia
753 2846 843 2911 ramis

86 2952 181 3020 Ferre
193 2954 253 3019 suis
266 2954 329 3017 visa
343 2936 410 3032 est3
431 2951 573 3036 parilique
587 2950 759 3014 tremiscere
773 2964 876 3015 motu:
994 2961 1059 3022 225

85 3059 335 3145 Graniserumque
350 3077 458 3142 agmen
472 3056 612 3142 subjectis
624 3077 764 3141 spargere
778 3056 808 3118 in
820 3057 906 3123 arvis.

85 3166 233 3234 Crescere
245 3167 325 3253 quod
340 3163 446 3242 subitd,
461 3178 492 3228 et
504 3161 601 3248 majus
614 3160 769 3248 majusque
783 3162 887 3243 rideri
901 3156 905 3165 ’

84 3275 132 3340 Ac
147 3296 180 3339 se
194 3274 296 3339 tollere
309 3273 413 3350 humo,
428 3285 570 3356 rectoque
585 3269 726 3335 adsistere
740 3284 867 3355 nunco3

85 3380 127 3447 Et
140 3381 270 3451 maciem
284 3400 500 3465 numerumque
514 3376 636 3463 pedum,
651 3377 827 3464 nigrumque
841 3381 973 3449 colorem

82 3486 202 3553 Ponere
214 3509 225 3568 ;
245 3499 277 3551 et
289 3487 449 3551 humanam
461 3485 604 3549 membris
617 3483 759 3549 inducam
770 3483 906 3553 formam.
992 3495 1058 3554 230

85 3593 217 3660 Somnus
230 3593 298 3659 abit.
343 3593 465 3657 Damno
478 3592 600 3678 vigilans
613 3613 684 3658 mea
696 3591 781 3674 visa,
801 3615 975 3681 querorque

67 3695 106 3759 dr
117 3697 236 3779 umeris
249 3697 318 3782 opis
331 3719 401 3765 esse
413 3699 499 3766 nihii.
549 3702 593 3770 m
606 3702 640 3771 in
653 3703 778 3772 aedibus
787 3701 904 3787 ingens

319 3808 343 3866 8
