2264 4042
551 182 666 240 nlnun
684 184 707 241 1.

137 346 223 412 Cura
237 345 307 409 dei:
328 342 511 427 totidemque
525 342 618 428 plagae
634 342 738 406 tellure
752 353 936 426 premuntur,

138 448 278 524 Quarum
293 470 357 533 quae
372 447 472 510 media
488 460 542 523 est,
557 468 616 509 non
632 459 677 508 est
690 444 853 508 habitabilis
868 457 961 508 aestu:

138 550 202 615 Nix
217 551 287 635 tegit
301 551 359 613 alta
373 549 469 613 duas:
490 548 613 612 totidem
628 549 703 611 inter
717 561 874 632 utrumque
889 545 1015 626 locavit;
1076 549 1116 608 50

137 653 393 738 Temperiemque
408 652 500 729 dedit,
515 649 608 715 mixti
623 673 693 714 cum
704 649 810 735 frigore
826 647 957 713 flammei.

137 755 276 820 Imminet
289 756 335 819 his
350 759 420 820 abr:
443 755 503 840 qui,
519 753 628 839 quantb
644 768 688 817 est
702 753 835 838 pondere
850 766 934 816 terre

137 858 262 923 Pondus
278 881 360 943 aquae
376 859 478 935 levius,
493 857 574 921 tantb
590 871 635 921 est
648 856 798 921 onerosior
812 855 881 940 igni.

135 961 201 1027 Illic
216 979 247 1027 et
260 965 392 1041 nebulaS,
407 962 466 1027 illic
481 963 641 1027 consistere
656 963 750 1026 nubes

135 1065 238 1144 Jussit,
254 1082 285 1131 et
297 1067 442 1131 humanas
456 1081 571 1131 motura
585 1066 712 1130 tonitrua
725 1081 850 1143 mentes,

137 1171 263 1236 Etcum
280 1171 449 1236 fulminibus
464 1171 606 1236 facientes
621 1171 729 1257 frigora
742 1186 857 1236 ventos.

137 1276 196 1341 His
211 1298 330 1362 quoque
345 1301 403 1341 non
419 1279 529 1362 passim
545 1278 646 1341 mundi
662 1277 818 1342 fabricator
833 1270 1008 1342 babendrun

136 1381 221 1446 Adra
235 1383 376 1466 permisit.
420 1380 482 1445 Vix
497 1405 575 1446 nunc
590 1382 737 1453 obsistitur
751 1382 815 1459 illis,

138 1482 220 1547 Cum
236 1507 290 1548 sua
305 1486 427 1569 quisque
442 1499 546 1568 regant
561 1485 677 1548 diverso
693 1484 812 1547 flamina
826 1499 930 1559 tractu,

138 1584 221 1660 Quin
234 1586 346 1648 lanient
360 1586 503 1647 mundum
517 1608 527 1663 ;
548 1599 629 1646 tanta
644 1598 689 1647 est
703 1584 851 1647 discordia
865 1583 997 1647 fratrum.
1075 1589 1117 1650 60

138 1686 239 1750 Eurus
255 1688 293 1750 ad
308 1687 466 1764 Auroram,
483 1686 707 1770 Nabathaeaque
722 1708 814 1770 regna
828 1687 960 1764 recessit,

138 1787 334 1873 Persidaque,
350 1803 381 1852 et
394 1790 484 1852 radiis
494 1789 567 1874 juga
582 1789 700 1853 subdita
713 1790 872 1854 matutinis.

136 1888 265 1975 Vesper,
281 1905 311 1954 et
325 1892 452 1955 occiduo
467 1913 530 1976 quae
545 1892 641 1955 littora
655 1892 716 1955 sole
730 1905 896 1976 tepescunt,

137 1990 282 2056 Proxima
296 2008 363 2058 sunt
376 1993 520 2079 Zephyro
534 2015 541 2055 :
565 1993 719 2078 Scythiam
736 1993 920 2080 Septemque
934 1996 1059 2062 trionem

137 2093 274 2161 Horriser
288 2096 392 2159 invasit
405 2095 522 2159 Boreas
533 2118 543 2175 3
566 2095 713 2158 contraria
726 2095 813 2160 tellus
1074 2101 1116 2167 65

137 2201 275 2267 Nubibus
291 2201 430 2277 adsiduis,
444 2201 603 2286 pluvioque
618 2201 764 2266 madescit
778 2203 815 2265 ab
830 2202 950 2266 Austro.

137 2304 214 2370 Hac
230 2329 318 2391 super
332 2307 470 2391 imposuit
483 2305 628 2388 liquidum
643 2318 674 2367 et
688 2305 829 2386 gravitate
844 2320 995 2372 carentem

137 2407 272 2486 AEtbera,
288 2430 345 2471 nec
361 2407 522 2492 quidquam
535 2420 658 2469 terrenae
674 2404 753 2471 faecis
767 2407 938 2475 habentem.

180 2509 242 2575 Vix
257 2533 294 2575 ea
308 2509 445 2574 limitibus
461 2510 638 2594 dissepserat
651 2510 750 2573 omnia
766 2513 854 2577 certis
862 2535 873 2593 ;

140 2613 232 2691 Cum,
248 2636 311 2698 quae
327 2634 430 2697 pressa
445 2613 496 2674 diu
510 2612 610 2677 massa
623 2613 735 2678 latuere
751 2615 805 2678 sub
820 2615 879 2692 int,
1075 2625 1116 2685 70

140 2717 248 2781 Sidera
262 2730 418 2800 coeperunt
431 2730 492 2779 toto
508 2716 704 2781 effervescere
719 2719 808 2781 coelo.

138 2818 210 2885 Neu
226 2819 308 2902 regio
323 2816 398 2880 soret
412 2818 472 2880 ulla
487 2818 546 2880 suis
561 2819 755 2884 animantibus
770 2822 852 2900 orba,

138 2922 228 2985 Astra
241 2934 343 2983 tenent
356 2920 477 2983 coeleste
493 2921 598 2998 solum,
614 2920 774 3007 sonnaeque
790 2924 936 2991 deorum:

139 3022 304 3087 Cesserunt
317 3022 414 3086 nitidis
428 3023 592 3086 habitanda
608 3024 736 3108 piscibus
751 3027 858 3090 undae:

85 3130 89 3136 ’
137 3125 237 3189 Terra
251 3124 329 3188 seras
343 3125 440 3209 cepit:
462 3126 597 3188 volucres
613 3127 753 3210 agitabilis
769 3132 830 3192 aer.
1075 3144 1115 3200 75

184 3227 321 3291 Sanctius
336 3229 381 3292 his
396 3228 513 3305 animal,
529 3230 694 3315 mentisque
710 3236 849 3318 capacius
864 3237 927 3301 aitae

138 3328 255 3394 Deerat
269 3331 378 3407 adbuc,
394 3345 424 3394 et
439 3332 518 3415 quod
534 3333 676 3397 dominari
690 3335 719 3397 in
734 3353 842 3403 caetera
855 3357 966 3425 posset.

139 3433 237 3497 Natus
250 3434 340 3496 homo
355 3447 421 3497 est:
444 3435 504 3498 sive
520 3435 599 3500 hunc
615 3437 711 3503 divino
726 3442 839 3507 semine
854 3442 924 3510 fecit

137 3534 191 3601 ille
206 3533 310 3622 opifex
325 3558 436 3616 rerum,
451 3538 555 3603 mundi
569 3541 698 3606 melioris
713 3544 817 3630 origo:
