2264 4042
506 183 620 244 tmen
638 186 661 243 1.

89 347 145 414 lua
159 347 250 412 etiam
261 345 388 432 supplex
402 345 485 431 Argo
499 345 572 410 cum
585 343 709 410 brachia
722 342 813 407 vellet

91 451 237 514 Tendere
249 471 259 528 ;
279 470 338 514 non
352 448 463 526 habuit,
478 469 543 533 que
557 447 678 511 brachia
692 446 828 510 tenderet
841 443 943 528 Argo:

93 552 271 635 Conatoque
287 551 370 636 queri
384 550 512 634 mugitus
527 550 620 614 edidit
632 571 706 613 ore:

89 657 310 742 Pertimuitque
325 678 435 723 sonos:
456 654 634 742 propriique
650 654 789 720 exterrita
804 673 878 718 voce
893 665 947 718 est.
1009 653 1071 714 520

137 757 229 823 Venit
243 774 274 822 et
288 759 326 824 ad
341 759 430 845 ripas,
445 759 494 823 ubi
508 758 611 822 ludere
627 780 705 844 saepe
720 758 843 834 solebat,

93 866 253 932 inachidas
263 866 341 951 ripas
354 888 363 929 z
383 887 520 951 novaque
536 878 569 928 ut
578 864 732 949 conspexit
745 864 775 927 in
790 861 872 929 undd

93 971 229 1048 Cornua,
243 971 402 1056 pertimuit,
417 990 510 1056 seque
525 983 680 1034 externata
693 967 809 1055 refugit.

95 1079 213 1144 Naides
226 1078 369 1162 ignorant,
383 1077 497 1162 ignorat
512 1090 542 1141 et
556 1076 685 1142 Inachus
696 1076 771 1163 ipse,

95 1183 174 1260 Qua
189 1185 235 1248 sit.
279 1185 321 1248 At
334 1183 384 1248 illa
396 1197 511 1269 patrem
527 1183 667 1268 sequitur,
682 1183 871 1269 sequiturque
886 1201 1020 1246 sorores:

96 1291 140 1357 Et
152 1292 260 1378 patitur
273 1292 363 1377 tangi,
378 1312 470 1376 seque
485 1291 695 1355 admirantibus
709 1291 806 1355 offert.
1011 1292 1072 1353 526

95 1397 267 1484 Decerptas
280 1398 377 1463 senior
391 1411 567 1482 porrexerat
580 1396 709 1462 Inachus
722 1397 830 1461 herbas
842 1419 852 1476 3

96 1503 152 1568 llla
165 1525 272 1567 manus
285 1502 397 1580 lambit,
412 1503 573 1587 patriisque
588 1502 639 1565 dat
654 1503 757 1566 oscula
769 1502 894 1586 palmis3

99 1608 168 1673 Nec
182 1608 290 1672 retinet
302 1607 474 1690 lacrymas:
497 1620 537 1682 et,
553 1605 577 1668 si
591 1605 685 1668 modd
698 1606 792 1669 verba
805 1619 974 1690 sequantur,

99 1712 176 1777 Oret
188 1733 280 1798 opem
292 1734 302 1792 3
323 1730 492 1795 nomenque
507 1732 604 1788 suum,
618 1731 765 1796 casusque
779 1711 924 1796 loquatur.
1013 1716 1076 1777 530

98 1815 214 1881 Littera
226 1838 281 1902 pro
295 1815 403 1892 verbis,
418 1836 508 1900 quam
522 1836 577 1900 pes
591 1815 621 1878 in
635 1816 756 1901 pulvere
772 1816 862 1894 ducit,

44 1932 49 1941 '
99 1921 244 2008 Corporis
257 1921 397 1985 indicium
410 1921 514 1987 mutati
528 1922 608 1985 triste
624 1922 747 2008 peragit.

100 2025 174 2091 ‘Me
189 2027 330 2092 miserum
343 2026 370 2091 !’
394 2028 544 2091 exclamat
557 2041 643 2112 pater
655 2027 805 2093 Inachus:
826 2030 916 2116 inque
931 2032 1077 2115 gementis
1095 2077 1107 2085 --

100 2130 261 2210 Comibus,
276 2146 306 2197 et
319 2132 411 2197 niveae
426 2131 562 2217 pendens
576 2133 693 2198 cervice
702 2133 851 2220 juvencae,

101 2237 174 2303 ‘Me
188 2239 330 2303 miserum
342 2238 369 2301 !’
383 2238 565 2323 ingeminat„
602 2236 709 2302 ‘Tune
719 2260 753 2302 es
763 2239 884 2322 quesita
897 2261 952 2325 per
962 2262 1077 2321 omnes,

100 2344 192 2422 Nata,
206 2344 279 2408 mihi
291 2343 410 2408 terras?
432 2343 485 2406 Tu
499 2365 559 2405 non
573 2343 691 2406 inventa
704 2342 823 2428 reperti
845 2327 849 2337 ’
886 2386 889 2390 -
1017 2351 1079 2411 536

102 2448 218 2515 Luctus
232 2470 300 2512 eras
314 2447 416 2511 levior.
462 2445 587 2527 Retices
599 2469 608 2509 ε
630 2468 687 2511 nec
702 2460 804 2513 mutua
818 2451 924 2514 nostris

103 2554 195 2620 Dicta
205 2552 318 2619 refers:
341 2553 399 2616 alto
413 2551 527 2623 tanturn
542 2553 665 2638 suspiria
678 2554 780 2641 prodis

103 2656 233 2722 Pectore
247 2679 255 2720 r
278 2656 418 2741 quodque
432 2677 524 2719 arnum
538 2670 634 2741 potes,
650 2657 689 2720 ad
703 2678 773 2722 mea
787 2661 878 2724 verba
888 2661 1030 2746 remugis.

103 2760 173 2826 Nec
187 2760 271 2824 finire
284 2760 355 2824 licet
364 2759 655 2825 tantosmihimorte
666 2761 802 2827 doloresz
1019 2770 1082 2831 540

105 2865 170 2930 Sed
183 2879 273 2929 nocet
287 2886 354 2929 esse
369 2863 459 2928 deum
473 2887 481 2927 ε
502 2865 705 2951 praeclusaque
714 2866 808 2952 janua
818 2868 868 2933 leti

104 2970 263 3059 AEtemum
276 2984 393 3035 nostros
406 2969 503 3034 luctus
517 2971 652 3034 extendit
664 2970 694 3034 in
709 2973 837 3035 sevum’

71 3052 194 3247 *iia
207 3075 343 3141 moerenti
355 3075 485 3140 stellatus
500 3075 655 3139 submovet
667 3077 778 3161 Argos,

152 3195 312 3267 aptamque
326 3181 402 3267 patri
414 3181 530 3245 diversa
545 3181 575 3243 in
589 3202 701 3265 pascua
713 3197 813 3248 natam

107 3287 268 3352 Abstrahit.
312 3286 381 3373 Ipse
392 3287 496 3372 procul
507 3287 615 3351 montis
629 3289 753 3355 sublime
768 3314 914 3360 cacumen
1017 3305 1081 3364 545

108 3392 265 3478 Occupat:
287 3393 367 3457 unde
381 3393 490 3457 sedens
504 3407 603 3478 partes
617 3397 785 3479 speculetur
798 3399 827 3461 in
838 3421 953 3467 omnes.

45 3486 60 3509 ⁹
152 3498 185 3562 N
186 3519 222 3561 ec
238 3497 379 3582 superium
393 3513 490 3564 rector
504 3499 583 3562 mala
597 3512 677 3563 tanta
691 3500 878 3568 Phoronidos
892 3507 966 3570 ultra

108 3601 203 3667 Fame
218 3616 334 3688 potestz
355 3618 516 3688 natumque
530 3618 640 3685 vocat3
661 3627 751 3690 quem
765 3607 864 3673 lucida
878 3626 961 3694 partu
