2264 4042
379 254 383 259 ’
429 250 544 309 LIBER
563 253 613 309 IV.
996 256 1033 313 51

103 410 244 475 Imminet
256 411 419 495 aequoribus
434 412 581 495 scopulus.
628 409 705 474 Pars
718 409 779 473 ima
793 422 914 472 cavatur
972 408 1036 467 205

57 511 226 590 Fluctibus,
242 529 272 576 et
285 528 378 577 tectas
389 512 521 577 defendit
535 515 572 576 ab
588 513 728 578 imbribus
743 512 856 575 undasr

57 615 189 678 Summa
202 617 286 699 riget,
301 613 485 699 frontemque
500 616 530 678 iu
542 629 675 699 apertum
690 614 810 700 porrigit
824 635 933 698 aequor.

59 721 203 804 Occupat
216 722 295 784 hunc
312 719 404 806 (vires
418 721 531 784 insania
545 719 671 807 fecerat)
688 720 742 783 Ino
756 743 763 782 :

59 823 166 908 Seque
180 846 268 908 super
282 838 414 908 pontum,
430 824 510 887 nullo
525 825 638 887 tardata
652 824 767 900 timore,

57 929 160 1007 Mittit,
174 951 308 1014 onusque
324 952 421 992 suum.
467 929 616 993 Percussa
630 928 785 992 recanduit
799 927 888 992 unda.
970 929 1036 989 210

58 1062 63 1071 ·
102 1032 145 1094 At
157 1029 260 1095 Venus
274 1032 426 1095 immerite
441 1032 537 1118 neptis
550 1031 689 1095 miserata
702 1030 830 1107 labores,

58 1133 114 1196 Sic
128 1140 232 1217 patruo
245 1134 375 1198 blandita
388 1156 442 1199 suo
457 1148 521 1198 est:
545 1133 594 1196 ‘O
609 1155 721 1197 numen
736 1153 889 1218 aquarum,

59 1234 205 1299 Proxima
220 1236 268 1299 cui
282 1236 359 1300 coelo
374 1237 471 1313 cessit,
487 1235 641 1321 Neptune,
655 1249 785 1320 potestas
797 1257 807 1314 3

58 1336 173 1422 Magna
188 1339 309 1423 quidem
319 1360 432 1423 posco:
455 1339 509 1402 sed
520 1352 552 1401 tu
566 1339 707 1402 miserere
722 1359 868 1414 meorum,

57 1440 172 1506 lactari
187 1463 260 1525 quos
275 1442 408 1507 cernisin
422 1442 505 1506 Ionio
519 1442 664 1506 immenso
681 1465 689 1508 z
970 1446 1034 1503 215

60 1544 106 1609 Et
119 1545 165 1610 dis
180 1546 258 1610 adde
272 1547 339 1611 tuis.
384 1547 493 1628 Aliqua
508 1547 623 1608 etmihi
638 1547 730 1629 gratia
743 1561 834 1631 ponto
849 1526 914 1610 esl:

60 1648 97 1712 Si
110 1663 211 1713 tamen
226 1649 256 1711 in
272 1648 322 1710 dio
336 1646 487 1731 quondam
502 1661 641 1710 concreta
654 1645 811 1733 profundo,

60 1750 177 1836 Spuma
191 1748 243 1828 sui,
256 1749 444 1835 Grajumque
460 1763 560 1813 manet
573 1749 644 1813 mihi
659 1772 770 1815 nomen
784 1752 821 1817 ab
836 1751 907 1816 itt!

58 1852 174 1917 Adnuit
187 1852 279 1915 oranti
293 1845 327 1915 N
327 1865 473 1936 eptunus;
496 1866 526 1915 et
541 1851 655 1917 abstulit
669 1853 733 1932 illis,
961 1844 965 1849 ⁸

58 1956 155 2032 Quod
169 1956 292 2024 mortale
307 1955 380 2036 fuit3
402 1955 646 2042 majestatemque
661 1959 823 2025 verendam
973 1965 1037 2024 220

58 2061 225 2146 Imposuit3
246 2081 414 2146 nomenque
429 2061 516 2124 simul
530 2060 697 2148 faciemque
713 2064 850 2128 novavit:

59 2166 297 2251 Leucothee'que
314 2168 405 2230 deum
416 2187 485 2231 cum
500 2180 594 2230 matre
609 2165 780 2232 Palaemona
794 2169 878 2233 dixit.

137 2494 269 2537 CADMUS
294 2493 337 2535 ET
360 2493 533 2536 truttmunt:
557 2494 593 2537 IN
617 2495 802 2540 SERPEN'I'ES
825 2496 960 2542 nunaut.

491 2733 520 2772 v.
532 2714 605 2774 562.

60 2852 169 2917 Nescit
182 2852 368 2936 Agenorides
382 2867 482 2916 natam
496 2875 679 2940 parvumque
691 2872 831 2942 nepotem

59 2956 203 3042 AEquoris
218 2978 282 3019 esse
298 2957 381 3020 deos.
428 2957 528 3021 Luctu
543 2960 677 3044 serieque
693 2963 838 3024 malorum

59 3057 177 3135 Victus,
193 3072 223 3122 et
235 3060 364 3135 ostentis,
380 3080 444 3142 quae
458 3059 584 3142 plurima
598 3061 721 3138 viderat,
737 3063 799 3125 exit
976 3071 1040 3130 225

59 3161 209 3227 Conditor
223 3165 296 3227 urbe
311 3163 384 3244 sud‘3
406 3177 546 3247 tanquam
560 3161 676 3228 fortuna
689 3167 831 3246 locorum,

59 3267 136 3344 Non
151 3289 206 3331 sua
220 3290 253 3330 se
266 3282 436 3352 premeret:
459 3268 611 3352 longisque
627 3270 768 3337 erratibus
783 3288 867 3338 actus

59 3370 195 3455 Contigit
208 3372 341 3457 illyricos
354 3370 480 3458 profugit
493 3395 563 3437 cum
578 3374 703 3461 conjuge
718 3377 802 3443 fines.

59 3475 193 3561 Jamque
208 3478 292 3542 malis
306 3479 448 3562 annisque
463 3500 578 3562 graves,
594 3481 665 3545 dum
679 3484 774 3568 prima
788 3500 948 3555 retractant

64 3580 145 3647 Fata
159 3582 275 3661 domds,
290 3585 483 3670 releguntque
498 3608 568 3650 suos
583 3609 722 3656 sermone
734 3592 881 3676 laborem
983 3598 1054 3655 Qu

64 3684 150 3749 Num
162 3707 253 3750 sacer
264 3687 314 3750 ille
327 3687 401 3754 med
416 3690 562 3783 trajectus
578 3700 712 3790 cuspide
728 3701 893 3788 serpens,³
