2264 4042
108 250 152 315 34
352 220 353 224 '
405 210 791 299 uerrucarnosnorr'

107 401 180 468 Huc
194 403 244 468 ubi
258 402 391 488 pervenit
404 401 473 465 belli
488 398 650 464 metuenda
663 398 783 481 virag03

105 507 244 573 Constitit
259 522 326 572 ante
341 507 474 584 domum,
490 503 603 591 (neque
618 504 698 568 enim
713 501 876 567 succedere
890 500 977 565 tectis

105 611 167 679 Fas
181 612 286 700 babet)
302 628 333 678 et
345 627 445 699 postes
460 609 597 678 extremi
611 609 735 696 cuspide
749 609 856 694 pulsat
1019 608 1087 669 370

105 715 268 782 Concussae
283 717 405 802 patuere
421 715 509 781 sores.
554 712 648 779 Videt
660 713 737 777 intus
754 713 894 778 edentem

104 821 251 909 Vipereas
263 846 380 902 carnes,
394 824 529 888 vitiorum
544 820 684 885 alimenta
697 841 828 897 suorum,

104 927 269 995 Invidiam:
290 930 411 1015 visisque
426 930 530 995 oculos
545 928 657 993 avertit.
703 926 745 990 At
759 926 808 990 illa

105 1034 207 1122 Surgit
219 1037 311 1101 burno
325 1036 424 1122 pigri:
450 1055 693 1119 semesarumque
708 1033 844 1117 relinquit

104 1136 243 1225 Corpora
257 1138 447 1225 serpentum:
468 1159 617 1223 passuque
632 1135 744 1200 incedit
756 1136 852 1200 inerti.
1020 1137 1089 1197 375

103 1241 206 1330 thue
221 1245 311 1309 deam
325 1245 397 1308 vidit
410 1243 565 1328 famaque
580 1243 727 1328 armisque
742 1244 895 1320 decoram,

102 1347 271 1435 Ingemuit:
293 1351 467 1436 vultumque
481 1351 543 1415 ima
557 1350 596 1413 ad
611 1350 735 1434 suspiria
749 1350 845 1414 duxit.

103 1453 206 1521 Pallor
219 1457 250 1521 in
263 1479 316 1522 ore
332 1458 417 1522 sedet
429 1480 438 1520 a
458 1456 572 1522 macies
586 1456 616 1520 in
631 1478 756 1542 corpore
770 1470 854 1521 tetoa

102 1561 262 1649 Nusquam
275 1578 359 1629 recta
372 1565 475 1630 acies:
496 1565 587 1629 livent
599 1563 733 1652 rubigine
744 1565 868 1629 dentes:

103 1665 234 1733 Pectora
247 1668 317 1733 salle
331 1670 445 1733 virent:
466 1671 566 1752 lingua
580 1685 625 1734 est
638 1671 750 1734 suffirsa
763 1691 890 1735 veneno.
1019 1670 1086 1733 380

102 1767 195 1833 Risus
210 1770 312 1850 abest3
334 1770 390 1834 nisi
404 1790 495 1855 quem
509 1771 563 1834 visi
575 1772 699 1835 movere
714 1773 843 1836 dolores.
1126 1770 1128 1785 ²

101 1869 172 1935 Nec
187 1869 290 1935 fruitur
304 1891 420 1948 somno,
435 1871 606 1954 vigilacibus
620 1874 721 1938 excita
734 1874 835 1937 curis:

102 1973 167 2039 Sed
180 1975 261 2040 videt
274 1977 413 2061 ingratos,
428 1977 643 2063 intabescitque
658 1978 798 2056 videndo3

101 2078 269 2147 Successus
282 2081 458 2146 bominum:
481 2083 634 2169 carpitque
649 2098 679 2149 et
693 2085 822 2170 carpitur
836 2083 906 2149 und.

101 2184 348 2274 suppliciumque
363 2209 451 2253 suum
466 2202 522 2253 est.
566 2189 715 2266 Quamvis
729 2205 830 2258 tamen
843 2191 948 2255 ederat
958 2190 1049 2269 blan,

98 2289 224 2358 Talibus
239 2295 529 2362 affataestbreviter
542 2294 680 2362 Tritonia
694 2297 801 2363 dietis:
1016 2297 1081 2361 386

100 2393 210 2460 ‘Infice
225 2397 294 2459 tabe
308 2397 361 2459 ert
373 2413 509 2463 amarum
524 2399 672 2486 Cecropis
686 2424 798 2466 unam:

101 2495 153 2560 Sic
167 2518 243 2581 opus
258 2512 312 2561 est.
336 2531 337 2534 ¹
358 2500 505 2583 Aglauros
519 2522 558 2564 aa
568 2505 635 2566 est.'
680 2505 773 2568 Haud
787 2506 873 2589 plura
886 2506 985 2575 locuta

100 2598 190 2687 Fugit
201 2625 211 2682 3
234 2616 265 2666 et
278 2603 424 2688 impressi
438 2605 574 2668 tellurem
583 2607 690 2691 repulit
703 2609 811 2672 hasti„—

98 2707 153 2773 Illa
163 2708 252 2772 deam
265 2710 385 2795 obliquo
400 2710 561 2795 lugientem
576 2712 687 2776 lumine
702 2735 828 2779 cernens
840 2738 850 2794 ;
1016 2719 1080 2780 390

98 2812 256 2879 Murmura
270 2836 361 2899 parva
376 2816 478 2898 dedit3
500 2839 767 2906 successurumque
782 2821 929 2886 Minervae

97 2919 246 2984 Indoluit:
268 2921 467 3009 baculumque
483 2925 561 3008 capit
570 2948 580 3005 ;
603 2926 683 3011 quod
699 2927 801 3012 spinea
814 2943 908 2993 totum

97 3020 227 3087 Vincula
241 3024 422 3110 cingebant:
446 3029 647 3115 adopertaque
662 3032 788 3096 nubibus
800 3034 877 3111 atris,

97 3126 288 3225 Quicunque
304 3132 473 3216 ingreditur,
489 3133 622 3200 florentia
635 3139 757 3222 proterit
771 3161 850 3216 arva,

97 3232 265 3320 Exuritque
280 3237 399 3315 herbas,
414 3252 444 3302 et
459 3262 576 3304 summa
589 3244 746 3306 cacumina
761 3244 875 3328 carpit:
1014 3247 1077 3309 395

96 3340 268 3425 Afflatuque
283 3364 337 3406 sue
350 3345 486 3428 populos,
501 3349 661 3433 urbesque,
676 3349 841 3435 domosque

98 3441 230 3507 Polluit:
254 3459 284 3507 et
298 3446 419 3510 tandem
432 3446 589 3515 Tritonida
603 3452 746 3537 conspicit
761 3474 883 3534 arcem;

99 3548 241 3634 ingeniis,
256 3551 433 3638 opibusque,
449 3569 480 3618 et
494 3554 570 3620 sestis
582 3579 660 3641 pace
674 3559 839 3625 virentem:

99 3651 223 3742 Vixque
238 3672 320 3724 tenet
334 3659 501 3745 laerymas3
524 3663 593 3748 quia
607 3664 646 3729 nil
661 3665 852 3752 lacrymabile
866 3670 970 3734 cernit.
