2264 4042
115 238 179 301 lod
418 225 798 289 nurmomflossort

114 390 248 456 Festinat
261 403 379 454 vestes:
395 388 459 475 jam
474 409 557 485 quas,
572 388 622 451 ubi
635 388 748 451 venerit
761 387 821 463 ille,
841 404 865 491 p

112 496 181 581 lpsa
194 510 298 581 gerat:
320 495 490 579 reditusque
505 492 559 559 sibi
573 493 712 580 promittit
725 492 838 557 inanes.
860 530 896 662 pp

111 602 260 667 Omnibus
272 602 322 666 illa
335 601 456 686 quidem
471 601 584 686 superis
597 600 647 685 pia
660 601 745 665 thara
759 598 862 663 fereba

105 707 187 773 Ante
200 722 301 770 umen
315 720 438 771 cunctos
451 706 575 771 Junonis
589 706 702 790 templa
721 705 858 771 colebat:

110 812 231 897 Proque
246 814 319 891 viro,
334 814 384 897 qui
398 812 495 876 nullus
509 828 581 890 erat,
596 812 734 875 veniebat
748 810 785 874 ad
802 831 878 873 aras.

109 914 210 1003 thue
226 917 301 983 soret
316 940 419 1003 sospes
433 918 543 1005 conjux
558 941 638 995 suus,
654 932 744 1003 utque
759 915 879 993 rediret,

109 1023 261 1108 Optabat3
283 1024 452 1107 nullamque
464 1023 518 1087 sibi
531 1023 692 1107 praeserret.
737 1023 779 1087 At
789 1022 828 1085 illi

108 1126 179 1193 Hoc
195 1129 234 1192 de
249 1142 291 1191 tot
304 1128 378 1193 votis
391 1142 507 1213 poterat
520 1129 691 1212 contingere
706 1130 812 1191 solum.

152 1236 194 1300 At
208 1236 266 1298 dea
280 1258 337 1299 non
350 1234 426 1297 ultrei
439 1256 493 1319 pro
507 1234 608 1299 iuncto
623 1249 717 1298 morte
731 1234 828 1319 rogari
890 1300 896 1307 ,

107 1340 259 1419 Sustinet;
281 1354 371 1424 utque
386 1362 491 1405 manus
505 1341 635 1406 funestas
649 1357 750 1407 arceat
763 1341 842 1421 aris3

106 1444 177 1523 ‘lri,
192 1447 288 1523 meae,'
304 1446 387 1523 dixit,
404 1447 565 1511 ‘fidissima
578 1448 688 1512 nuncia
700 1448 793 1525 vocis,

105 1549 178 1616 Vise
194 1550 384 1637 soporiferam
401 1551 505 1615 Somni
519 1553 659 1619 velociter
673 1554 793 1617 aulam:

105 1655 312 1741 Exstinctique
324 1658 398 1742 jube
414 1657 527 1741 Ce'yeis
540 1660 669 1743 imagine
683 1662 767 1726 mitte

106 1761 228 1823 Somnia
244 1763 281 1823 ad
297 1762 485 1843 Halcyonen‚
500 1784 587 1825 veros
600 1767 747 1827 narrantia
761 1766 868 1829 casus.'

104 1865 244 1929 Dixerat.
289 1862 423 1925 induitur
436 1866 583 1929 velamina
596 1867 677 1931 mille
690 1869 823 1931 colorum

102 1969 166 2046 Isis,
182 1984 213 2032 et
227 1982 349 2054 arquato
363 1968 474 2031 coelum
489 1952 658 2036 curvarniue
672 1974 791 2057 signans

103 2075 202 2141 Tecta
216 2075 288 2161 petit
297 2074 371 2161 jussi
386 2075 440 2139 sub
455 2096 529 2159 rupe
543 2075 662 2141 latentia
676 2081 764 2164 regis.

145 2181 203 2249 Est
216 2203 310 2267 prope
324 2179 505 2247 Cimmerios
518 2182 606 2267 longo
620 2186 763 2273 spelunea
776 2208 909 2267 recessu,

102 2288 193 2354 Mons
207 2310 307 2365 cavus,
322 2287 418 2372 ignavi
430 2288 536 2353 domus
550 2302 582 2351 et
595 2293 757 2374 penetralia
767 2291 894 2359 Somni:

102 2395 175 2469 Qud
190 2416 340 2477 nunquam
355 2394 444 2457 radiis
457 2394 566 2471 oriens,
580 2397 745 2476 mediusve,
759 2398 909 2463 cadensve

74 2516 84 2530 ·
100 2499 236 2565 Pboebus
251 2499 332 2561 adire
347 2511 453 2580 potest.
498 2498 624 2563 Nebulae
640 2504 763 2587 caligine
776 2504 875 2569 mixtae

75 2648 78 2653 -
100 2605 287 2669 Exhalantur
299 2603 401 2676 humo,
416 2601 572 2684 dubiaeque
587 2609 764 2687 crepuscula
776 2610 861 2675 lucis.

99 2709 171 2776 Non
185 2708 252 2791 vigil
267 2706 328 2769 ales
342 2706 382 2769 ibi
396 2705 505 2769 cristati
523 2708 658 2773 euntibus
671 2712 730 2787 oris

99 2814 218 2879 Evocat
230 2813 401 2875 Auroram:
423 2833 481 2874 neo
495 2834 570 2876 voce
585 2814 699 2880 silentia
712 2835 851 2905 rumpunt
1010 2828 1073 2889 235
1104 2856 1110 2865 ·

97 2918 257 2984 sollicitive
272 2938 373 2994 cauea,
387 2917 547 2982 canibusve
562 2923 695 3005 sagacior
711 2946 806 2989 anser.

96 3027 167 3093 Non
183 3025 256 3102 fera,
271 3047 331 3089 non
343 3025 487 3109 pecudea„
502 3048 561 3091 non
575 3029 647 3092 moti
661 3029 780 3095 flamine
794 3032 878 3111 rami,

98 3131 284 3196 Humanaeve
300 3154 404 3195 sonum
417 3131 546 3195 reddunt
560 3135 693 3199 convicia
707 3138 822 3221 linguas.

94 3236 183 3301 Muta
197 3236 280 3320 quies
294 3237 413 3299 habitat.
459 3237 543 3301 Saxo
555 3252 656 3303 tamen
670 3242 733 3303 exit
747 3244 784 3305 ab
797 3243 858 3307 imo

95 3340 191 3407 Risus
206 3361 289 3424 aquae
305 3339 439 3405 Lethes:
460 3364 616 3427 perquem
631 3367 700 3408 eum
712 3367 863 3413 murmure
872 3351 976 3420 labens
1005 3361 1070 3421 240

93 3446 201 3512 Invitat
215 3468 333 3510 somnos
347 3448 554 3530 crepitantibus
568 3450 648 3513 unda
661 3451 773 3535 lapillis.

88 3554 172 3621 Ante
185 3551 267 3617 fores
281 3552 354 3616 antri
368 3552 509 3619 ioeounde
522 3578 670 3641 papavera
684 3557 801 3639 florent,
