2264 4042
94 258 138 325 94
382 231 761 308 umauournosuou

96 410 316 496 Coernleusque
331 409 395 474 fluit
407 423 469 474 toto
483 409 523 473 de
537 429 662 493 corpore
677 409 788 473 sudor:

94 517 291 601 Ambustique
306 528 410 579 sonant
423 515 525 577 nervia
546 513 688 598 cereique
702 512 839 580 medullis

93 621 182 686 Tabe
197 620 372 707 liquefactis,
387 621 513 684 tendens
528 619 566 684 ad
582 620 680 683 sidera
694 619 819 703 palmas,

94 726 281 805 ‘Cladibus'
297 729 456 804 exclamat,
472 734 481 765 ‘
494 726 642 803 Samene,
656 734 781 810 pascere
795 724 922 789 nostrisz

93 832 248 899 Pascere:
271 848 302 898 et
316 836 394 898 hano
409 848 524 919 pestem
539 847 652 918 specta,
667 832 805 908 crudelis,
820 832 858 896 ab
870 831 952 909 alto:

93 938 218 1024 Corque
233 938 329 1005 samm
344 942 428 1005 satia.
473 940 532 1003 Vel
547 941 572 1003 si
585 939 770 1003 miserandus
786 950 817 1001 et
830 936 907 1001 hosti
919 959 930 1016 ;

95 1044 214 1130 (Hostis
225 1046 304 1109 enim
319 1047 370 1109 tibi
385 1044 465 1130 sum)
483 1046 552 1109 diris
565 1045 743 1108 eruciatibus
758 1065 879 1126 egram,

93 1150 280 1236 lovisamque
309 1152 449 1227 anirnam,
464 1165 624 1235 natamque
639 1149 796 1225 laboribus,
812 1147 907 1213 aufer.

93 1255 179 1321 Mors
193 1259 264 1320 mihi
279 1280 386 1321 munus
397 1258 472 1321 erit:
496 1258 584 1319 decet
597 1257 661 1319 baec
677 1256 748 1318 dare
764 1256 843 1318 dona
857 1275 1028 1321 novercam.

93 1361 177 1446 Ergo
191 1384 249 1446 ego
263 1361 427 1426 foedantem
441 1363 596 1447 peregrino
611 1362 722 1446 templa
736 1382 842 1425 cruore
1027 1363 1066 1423 45

92 1467 214 1532 Busirin
230 1469 357 1534 domui?
381 1491 517 1554 sevoque
533 1470 672 1533 alimenta
685 1469 815 1553 parentis

93 1576 200 1640 Antaeo
215 1575 334 1661 eripui?
357 1598 415 1640 nee
429 1598 479 1640 me
494 1576 619 1660 pastoris
632 1574 710 1639 Iberi

94 1680 208 1746 Forma
221 1684 329 1767 triplex
343 1707 352 1763 3
374 1705 432 1745 neo
447 1682 543 1745 forma
556 1683 663 1765 triplex
678 1696 738 1758 tua,
753 1678 901 1756 Cerbero,
915 1679 1029 1745 movit?

93 1783 195 1849 Vosne
209 1809 314 1849 manus
328 1788 418 1848 validi
432 1786 576 1870 pressistis
591 1807 703 1849 cornua
716 1786 814 1848 tauri?

92 1887 233 1952 Vestrum
248 1912 323 1973 opus
339 1889 404 1952 Elis
418 1891 518 1967 habet,
532 1904 663 1954 vestrum
679 1889 902 1976 Stymphalides
916 1892 1016 1971 unde,
1031 1895 1072 1955 bl)

92 1994 346 2081 Partheniumque
360 1994 491 2059 nemus?
513 1996 612 2059 restria
625 1997 730 2061 virtute
748 1998 857 2063 relatus

90 2098 367 2166 Thermodontiaco
381 2103 500 2167 calatus
514 2103 628 2168 balteus
643 2126 724 2180 auro,

92 2206 249 2293 Pomaque
265 2210 302 2273 ab
317 2209 443 2273 insomni
457 2209 535 2272 meld
550 2210 696 2274 custodita
711 2211 866 2275 dracone?

91 2313 161 2380 Neo
175 2316 246 2378 mihi
261 2314 404 2380 Centauri
419 2315 541 2401 ponere
556 2317 702 2394 resistere,
717 2339 775 2381 neo
790 2317 834 2383 mi

90 2420 228 2485 Arcadiae
240 2435 369 2485 vastator
384 2445 477 2505 aper;
498 2445 556 2486 nee
570 2422 679 2508 profuit
693 2423 807 2507 Hydre
1030 2428 1072 2489 55

90 2524 240 2589 Crescere
255 2547 309 2609 per
324 2526 476 2600 damnum,
491 2528 683 2612 geminasque
698 2551 851 2594 resmnere
867 2523 968 2594 vires?

90 2631 200 2704 Quid?
223 2631 294 2693 edm
308 2630 446 2693 Thracas
461 2651 564 2713 equos,
578 2632 709 2696 humano
724 2636 865 2718 sanguine
880 2637 1016 2722 pinguesr,

89 2736 245 2821 Plenaque
261 2736 433 2821 corporibus
447 2736 553 2800 laceris
568 2738 712 2823 presepia
725 2741 795 2818 vidi,

89 2841 221 2926 Visaque
238 2841 344 2928 dejeci,
361 2842 573 2927 dominumque
587 2843 726 2930 ipsosque
740 2848 880 2932 peremi?

89 2946 148 3013 His
163 2949 234 3012 elisa
251 2947 334 3034 jacet
347 2949 442 3013 moles
456 2948 604 3015 Nemeaea
616 2952 757 3019 lacertis?
1029 2959 1072 3021 60

88 3053 159 3119 Hbc
174 3057 285 3120 eoelum
300 3057 418 3120 cervice
433 3055 509 3120 tuli?
532 3055 664 3123 Defessa
671 3060 807 3146 jubendo
822 3075 867 3125 est

88 3161 176 3226 Sava
189 3161 272 3227 Jovis
286 3162 397 3248 conjux
411 3186 419 3227 ε
441 3185 499 3247 ego
513 3186 580 3228 sum
594 3164 761 3231 indefessus
774 3165 901 3249 agendo.

88 3265 153 3330 Sed
167 3289 243 3331 nova
257 3267 348 3352 pestis
363 3269 469 3331 adest:
491 3270 540 3332 eui
553 3292 611 3333 nec
622 3271 728 3333 virtute
742 3271 848 3350 resisti,

87 3370 157 3436 Nec
171 3372 238 3436 telis
253 3372 379 3437 armisve
393 3386 499 3457 potest.
546 3373 741 3438 Pulmonibus
756 3391 835 3442 errat

85 3475 165 3563 Ignis
180 3478 259 3541 edax
273 3478 349 3556 imis,
363 3499 477 3563 perque
491 3502 596 3546 omnes
610 3480 739 3566 pasoitur
753 3496 844 3548 artus.
1025 3491 1069 3553 65

79 3584 127 3648 At
141 3584 219 3648 valet
231 3582 433 3670 Eurystheus,
448 3598 479 3650 et
492 3601 569 3664 suut,
584 3585 634 3671 qui
647 3587 772 3653 credere
787 3591 899 3676 possint

59 3685 149 3757 Esse
165 3692 292 3762 deos?'
335 3693 438 3766 Dixit.
485 3693 613 3784 Perque
629 3695 725 3763 altum
738 3695 860 3761 sandius
870 3693 975 3758 OEten
