2264 4042
107 262 149 320 50
404 223 782 311 unrauonrnosaorr

103 413 238 499 Parsque
247 413 353 498 jacens
367 413 506 490 humeris
521 435 590 497 pars
604 414 717 477 circum
731 427 867 497 tempora
881 412 970 496 lapsae

104 518 195 581 Sihila
207 518 287 595 dant,
302 517 473 602 saniemque
487 533 619 594 vomunt,
635 518 807 601 linguasque
822 529 991 581 coruscant.

100 623 175 688 Inde
191 625 265 688 duos
279 624 385 687 mediis
400 624 546 708 abrumpit
559 624 686 686 crinibus
702 645 812 706 angues
824 646 834 703 3
1017 624 1057 683 17
1061 624 1079 682 5

100 726 305 813 Pestiferdque
320 750 409 792 manu
423 742 523 812 raptos
533 728 662 791 immisit.
707 729 749 791 At
763 729 803 791 illi

100 832 247 919 lnoiisque
263 834 342 898 sinus
356 833 628 917 Athamanteosque
643 847 817 916 pererrant;

99 932 303 1022 Inspirantque
318 958 423 1020 graves
438 937 569 999 animast
590 955 648 998 nec
662 935 783 997 vulnera
794 932 935 996 membris

100 1038 170 1104 Ulla
181 1039 295 1105 serunt:
317 1062 402 1104 mens
413 1053 467 1115 est,
483 1061 547 1123 quae
563 1039 642 1102 diros
657 1039 762 1102 sentiat
775 1039 859 1102 ictus.

100 1145 247 1211 Attulerat
261 1167 364 1210 secum
378 1146 478 1231 liquidi
494 1167 611 1230 quoque
626 1160 756 1210 monstra
771 1143 887 1221 veneni,
1015 1147 1079 1207 180
1115 1168 1117 1173 ·

101 1252 171 1315 Oris
186 1250 331 1316 Cerberei
347 1273 477 1337 spumas,
493 1264 522 1314 et
536 1252 614 1313 virus
629 1249 795 1331 Echidnae3
1051 1252 1055 1257 ⁴

100 1355 287 1443 Erroresque
302 1379 403 1442 vagos,
418 1378 565 1441 caecaeque
580 1357 686 1420 oblivia
700 1358 815 1433 mentis,

101 1459 144 1526 Et
158 1463 265 1538 scelus,
281 1476 311 1525 et
324 1462 482 1546 lacrymas,
497 1461 680 1545 rabiemque,
696 1476 726 1525 et
740 1461 830 1524 caedis
845 1479 979 1522 amorem
991 1481 1001 1538 3
1043 1536 1045 1540 Α
1079 1452 1082 1460 ’

99 1566 211 1631 Omnia
224 1566 290 1631 trita
301 1567 408 1630 simul:
431 1588 507 1652 quae,
523 1567 663 1651 sanguine
678 1567 764 1631 mista
778 1565 899 1642 recenti,

100 1670 236 1734 Coxerat
250 1693 308 1734 aere
323 1694 407 1747 cavo,
423 1673 507 1734 viridi
521 1686 637 1736 versata
651 1671 759 1736 cicutis.
1012 1673 1076 1731 185
1115 1661 1117 1664 ’

99 1772 242 1858 Dumque
253 1790 362 1858 pavent
376 1774 414 1836 illi
426 1797 436 1853 3
458 1775 545 1838 vertit
559 1774 662 1838 furiale
676 1797 824 1839 venenum

99 1877 211 1943 Pectus
225 1880 255 1942 in
271 1879 434 1955 amborum,
449 1879 670 1964 praecordiaque
685 1880 785 1943 intima
799 1881 901 1943 movit.

97 1982 181 2049 Tum
193 1976 263 2049 'sace
274 1984 387 2072 jactati
401 2007 454 2070 per
469 1986 599 2049 eundem
614 1986 718 2070 saepius
728 1988 843 2064 orbem,

97 2088 297 2175 Consequitur
312 2104 406 2154 motos
420 2089 561 2154 velociter
574 2090 688 2175 ignibus
698 2092 793 2175 ignea.

101 2194 154 2260 Sic
164 2196 280 2274 victrix,
292 2195 424 2282 jussique
438 2210 553 2281 potens,
569 2196 607 2259 ad
621 2196 718 2260 inania
731 2197 830 2281 magni
1013 2199 1077 2259 190

98 2300 207 2386 Regna
221 2303 298 2366 redit
312 2301 409 2368 Ditis:
431 2316 639 2387 sumptumque
653 2303 810 2386 recingitur
825 2321 965 2385 anguem.

140 2406 280 2470 Protinus
294 2407 431 2470 AEolides
445 2408 546 2470 medib
560 2409 732 2474 furibundus
746 2408 775 2471 iu
791 2406 858 2471 aulai

99 2509 304 2587 Clamat,‘10‚
320 2510 453 2586 comites,
468 2512 514 2574 his
527 2513 601 2573 retia
614 2513 724 2576 tendite
739 2513 834 2576 silvis:

97 2614 160 2680 Hie
174 2613 265 2677 modd
279 2635 349 2676 cum
366 2612 485 2696 gemina
499 2612 561 2676 visa
573 2627 618 2676 est
631 2615 701 2676 mihi
716 2616 799 2699 prole
814 2617 928 2682 leena)

94 2720 197 2805 thue
209 2717 289 2794 lerae,
305 2717 435 2801 sequitur
448 2717 570 2802 vestigia
585 2718 716 2803 conjugis
731 2741 855 2784 amens:
1012 2726 1075 2788 195

94 2827 206 2911 Deque
223 2824 287 2889 sinu
301 2823 402 2886 matris
417 2821 573 2901 ridentem,
589 2838 619 2888 et
633 2846 724 2909 parva
734 2824 907 2890 Learchum

95 2930 228 2996 Brachia
242 2928 426 3006 tendentem,
441 2928 526 3012 rapit,
542 2944 573 2992 et
587 2929 631 2993 bis
646 2943 750 3015 terque
764 2954 819 3017 per
835 2953 920 2996 auras

28 3037 31 3040 ’
94 3035 182 3101 More
197 3050 274 3099 rotat
285 3033 402 3100 fundae:
424 3033 577 3118 rigidoque
592 3033 711 3099 infantia
725 3058 799 3100 saxo

95 3141 224 3207 Discutit
238 3162 306 3204 ossa
321 3138 416 3204 ferox.
461 3138 545 3203 Tum
560 3140 688 3224 denique
703 3142 818 3205 concita
831 3155 936 3220 mater,

98 3245 177 3334 (Seu
191 3247 276 3311 dolor
289 3246 347 3308 hoc
362 3244 441 3322 lecit,
457 3266 510 3308 seu
525 3246 617 3330 sparsi
632 3266 722 3308 causa
737 3246 840 3307 veneni
852 3244 877 3331 3)
1008 3253 1075 3316 200

96 3352 261 3433 Exululat3
282 3350 435 3436 passisque
451 3350 522 3434 fugit
536 3352 614 3414 male
630 3372 701 3414 sana
716 3350 848 3433 capillis:

95 3457 206 3542 Teque
221 3455 319 3520 serens
332 3476 457 3538 parvum
471 3456 567 3529 nudis,
582 3453 748 3531 Melicerta,
763 3455 890 3535 lacertis

99 3561 212 3638 ‘Erue
227 3559 383 3636 Bacche,’
399 3573 491 3623 sonat.
537 3558 653 3622 Bacchi
668 3561 721 3623 sub
737 3561 854 3625 nomine
868 3563 948 3628 Juno

76 3662 185 3728 Risit:
207 3678 246 3743 et,
268 3661 358 3730 ‘Hos
375 3685 447 3730 usus
462 3675 583 3753 praestet
597 3661 676 3743 tibi,’
695 3663 781 3741 dian,
793 3670 802 3702 ⁶
814 3665 967 3728 almanus)
